2760 4214
466 203 490 240 a.
505 185 538 241 u.
551 202 575 240 ο.
589 186 677 253 trau.
704 202 729 254 p.
743 184 806 239 ehr.
819 187 888 252 acu.
1117 168 1178 232 101

142 359 285 442 potentia
299 359 420 442 anteiit,
444 358 587 424 diversus
610 379 630 422 a
653 364 795 423 veterum
817 357 959 423 instituto
982 378 1038 442 per
1062 357 1178 422 cultum

143 469 174 527 et
196 462 368 528 munditias
392 463 544 546 copiaque
567 468 599 526 et
620 461 786 526 affluentia
799 461 878 525 luxu
893 461 1027 546 propior.
1052 462 1180 526 suberat

143 571 250 630 tamen
279 566 371 648 uigor
399 566 498 630 animi
520 565 710 648 :ingentibus
740 564 877 648 negotiis
906 585 974 648 par,
1002 584 1039 629 eo
1068 564 1179 645 acrior,

145 688 207 750 quo
229 660 375 733 somnum
399 675 430 734 et
451 669 598 734 inertiam
621 668 724 753 magis
747 669 936 733 ostentabat.
975 668 1070 752 igitur
1098 667 1180 733 inco

146 772 223 836 lumi
245 773 429 838 Maecenate
452 773 624 857 proximus,
655 793 730 837 mox
752 773 951 857 praeeipuus‚
982 773 1032 837 cui
1060 778 1182 838 secreta

141 874 364 960 imperatorum
386 878 604 957 inniterentur,
628 882 660 941 et
681 875 891 941 interficiendi
913 875 1055 942 Postumi
1070 875 1181 960 Agrip-

142 999 202 1062 pae
226 981 380 1064 conscius,
403 987 509 1046 aetate
531 986 682 1065 provecta
704 980 842 1065 speeiem
865 979 968 1064 magis
990 980 1023 1043 in
1043 979 1181 1044 amicitia

142 1084 294 1168 principis
317 1105 413 1166 quarn
435 1086 500 1150 uim
524 1085 634 1150 tenuit.
662 1084 759 1166 idque
774 1090 806 1148 et
821 1083 997 1175 Maecenati
1012 1082 1180 1165 acciderat,

142 1186 208 1251 fato
230 1178 391 1271 potentiae
413 1209 483 1254 raro
506 1188 726 1272 sempiternae,
750 1207 791 1251 an
814 1187 911 1252 satias
932 1187 1017 1270 capit
1031 1194 1086 1252 aut
1101 1187 1181 1268 illos,

145 1309 215 1354 oum
238 1287 344 1355 omnia
366 1291 551 1376 tribuerunt,
575 1298 630 1356 aut
652 1290 719 1371 hos,
746 1311 817 1356 curn
839 1291 903 1355 iam
926 1289 1005 1353 nihil
1026 1291 1182 1372 reliquum

146 1399 194 1458 est
216 1395 300 1476 quod
323 1396 461 1480 cupiant.

231 1602 282 1666 31.
307 1602 458 1685 Sequitur
479 1603 587 1668 Tiberi
612 1609 751 1685 quartus,
775 1602 871 1667 Drusi
893 1600 1051 1666 secundus
1074 1621 1183 1666 consu·
1224 1599 1329 1644 ³¹⁶22¹¹¹⁶

143 1706 234 1787 latus,
266 1708 364 1791 patris
395 1714 492 1789 atque
522 1707 578 1771 filii
609 1707 740 1790 collegio
767 1706 911 1790 insignis.
950 1727 1024 1771 narn
1047 1706 1182 1773 triennio
1209 1668 1341 1792 wiffam

143 1816 216 1874 ante
240 1810 420 1875 Germanici
443 1831 513 1876 cum
536 1810 663 1875 Tiberio
693 1809 778 1875 idern
808 1809 909 1875 honor
938 1830 1041 1893 neque
1070 1816 1182 1894 patruo
1206 1805 1349 1860 «ΨΜ

144 1912 245 1978 laetus
268 1933 371 1996 neque
394 1919 507 1978 natura
529 1920 596 1978 tam
619 1934 760 1980 conexus
782 1914 895 1978 fuerat.
927 1914 995 1978 eius
1010 1914 1086 1978 anni
1101 1913 1182 1998 prin·
1224 1891 1329 1939 mm·

148 2017 228 2100 cipio
251 2016 397 2082 Tiberius
420 2018 511 2099 quasi
532 2016 706 2082 firmandae
728 2017 903 2083 valetudini
925 2018 958 2081 in
975 2017 1183 2103 Campaniam

147 2119 312 2200 noncessit,
335 2120 464 2202 longam
483 2127 515 2186 et
531 2121 712 2186 continuam
727 2120 904 2186 absentiam
920 2121 1073 2205 paulatim
1088 2120 1184 2185 medi·

146 2227 226 2303 tans,
251 2223 318 2287 sive
341 2228 376 2287 ut
398 2229 503 2289 amoto
527 2229 616 2308 patre
636 2224 758 2290 Drusus
779 2224 888 2289 munia
903 2224 1084 2289 consulatus
1100 2224 1184 2289 solus

148 2326 302 2410 impleret.
340 2346 379 2390 ac
401 2327 482 2391 forte
504 2347 604 2411 parua
625 2347 676 2393 res
698 2348 850 2412 magnum
872 2326 914 2391 ad
937 2334 1097 2392 certarnen
1116 2347 1183 2411 pre

146 2449 257 2512 gressa
279 2431 425 2513 praebuit
447 2430 556 2495 iuveni
570 2431 735 2496 materiem
749 2429 914 2515 apiscendi
929 2430 1056 2496 favoris.
1078 2430 1183 2495 Domi-

145 2533 207 2598 tius
231 2534 366 2599 Corbulo
393 2541 542 2619 praetura
564 2535 691 2600 functus
714 2533 754 2599 de
776 2536 811 2599 L.
837 2534 925 2600 Sulla
946 2534 1046 2600 nobili
1067 2534 1183 2599 iuvene

142 2644 271 2719 questus
295 2644 343 2703 est
365 2638 452 2723 apud
474 2644 628 2720 senatum,
652 2637 736 2721 quod
752 2638 813 2703 sibi
828 2639 910 2702 inter
925 2637 1105 2721 spectacula
1119 2638 1183 2722 gla-

143 2739 300 2806 diatorum
321 2743 389 2807 loco
411 2763 475 2807 non
499 2742 696 2808 decessisset.
727 2762 784 2826 pro
808 2741 985 2807 Corbulone
1007 2747 1107 2822 aetas,
1130 2761 1183 2825 pa-

60 2869 63 2874 ·
144 2845 220 2909 trius
236 2866 313 2925 mos,
330 2845 435 2911 studia
446 2847 605 2911 seniorum
618 2852 720 2910 erant:
738 2852 847 2912 contra
858 2845 1035 2910 Mamercus
1047 2844 1183 2910 Scaurus

146 2954 177 3011 et
191 2948 226 3011 L.
243 2949 412 3014 Arruntius
434 2949 551 3032 aliique
567 2949 674 3015 Sullae
689 2949 857 3034 propinqui
872 2950 1063 3013 nitebantur.
1088 2954 1183 3013 certa·

144 3051 284 3133 bantque
306 3053 509 3135 orationibus,
534 3059 565 3118 et
584 3054 841 3118 memorabantur
856 3053 1004 3136 exempla
1019 3052 1182 3134 maiorum,

147 3156 202 3236 qui
228 3155 403 3221 iuventutis
429 3156 673 3222 inreverentiam
700 3157 852 3240 gravibus
882 3155 1018 3221 decretis
1047 3154 1183 3220 notavis-

148 3265 228 3340 sent,
261 3259 361 3325 donee
383 3261 505 3326 Drusus
535 3267 611 3346 apta
640 3258 856 3344 temperandis
883 3260 998 3324 animis
1021 3257 1182 3343 disseruit,

145 3368 177 3426 et
210 3363 408 3428 satisfactum
439 3364 609 3430 Corbuloni
641 3384 698 3449 per
728 3364 930 3444 Mamercum,
965 3362 1019 3444 qui
1052 3367 1183 3446 patruus

145 3466 298 3531 simulac
321 3468 451 3533 vitricus
474 3467 580 3533 Sullae
603 3473 634 3532 et
656 3473 814 3532 oratorum
834 3487 873 3532 ea
887 3472 992 3531 aetate
1006 3465 1183 3531 uberrimus

145 3576 220 3634 erat.
259 3570 345 3636 idem
369 3571 503 3638 Corbulo
533 3571 668 3656 plurima
698 3591 755 3655 per
777 3571 903 3635 Italiam
930 3569 1044 3634 itinera
1071 3568 1183 3634 fraude

143 3676 325 3759 mancipum
347 3681 379 3741 et
401 3674 523 3740 incuria
544 3675 786 3759 magistratuum
800 3674 976 3758 interrupta
991 3680 1023 3737 et
1038 3672 1183 3757 inpervia

144 3777 345 3860 clamitando,
376 3778 613 3845 exsecutionem
643 3778 711 3844 eius
745 3777 865 3863 negotii
896 3778 1000 3842 libens
1030 3776 1184 3859 suscepit,

146 3882 232 3962 quod
253 3882 340 3947 haud
361 3882 494 3968 perinde
517 3882 644 3969 publice
658 3881 734 3949 usui
745 3881 900 3948 habitum
911 3900 1018 3964 uuam
1029 3877 1216 3940 earnem
