2760 4214
447 207 472 246 a.
486 192 518 248 U.
531 207 554 246 c.
568 195 627 250 778.
652 209 678 261 p.
691 191 754 246 Chr.
768 196 810 248 25.
1089 175 1151 243 143

110 365 289 449 conscripti,
321 366 531 431 constantiam
562 385 666 431 meam
694 386 714 430 a
741 365 900 450 plerisque
928 365 1151 446 desideratam,

110 469 195 552 quod
216 469 313 534 Asiae
341 469 522 534 civitatibus
545 489 647 554 nuper
668 468 754 534 idem
776 470 862 535 istud
884 470 1066 555 petentibus
1088 489 1152 533 non

64 636 67 640 ,
110 573 171 638 sim
193 572 389 638 adversatus.
414 592 489 655 ergo
520 578 552 637 et
579 573 692 656 prioris
722 572 838 637 silentii
862 572 1090 653 defensionem,
1121 579 1152 636 et

110 675 188 759 quid
214 676 247 740 in
274 676 413 741 futurum
441 676 615 757 statuerim,
646 677 740 741 simul
768 677 918 761 aperiam.
965 697 1037 741 eum
1059 674 1152 740 divus

109 780 272 864 Augustus
303 780 364 844 sibi
394 785 491 862 atque
521 779 592 846 urbi
613 781 734 846 Romae
757 781 909 864 templum
932 779 1017 865 apud
1039 780 1152 862 Perga·

110 904 196 948 mum
227 883 296 949 sisti
324 905 388 949 non
415 883 638 968 prohibuisset,
670 885 724 966 qui
754 884 861 950 omnia
890 884 975 949 11111
1005 883 1152 965 dietaque

111 988 179 1052 eius
202 988 272 1053 vice
287 988 369 1072 legis
384 989 562 1070 observem,
585 988 738 1073 placitum
753 989 817 1053 iam
833 989 1015 1073 exemplum
1030 1007 1152 1071 promp-

110 1091 174 1156 tius
208 1097 335 1157 secutus
365 1111 445 1173 sum,
481 1091 557 1174 quia
591 1092 688 1157 cultui
721 1111 793 1157 meo
826 1092 990 1157 veneratio
1024 1097 1152 1156 senatus

111 1193 352 1279 adiungebatur.
392 1202 531 1259 ceterum
560 1201 595 1259 ut
625 1196 724 1260 semel
753 1196 912 1280 recepisse
942 1196 1070 1260 veniam
1100 1193 1152 1257 ha·

111 1299 224 1379 buerit,
248 1300 293 1363 ita
315 1318 373 1383 per
394 1318 504 1363 omnes
527 1299 708 1382 provincias
731 1297 839 1383 effigie
853 1299 1018 1363 numinum
1035 1298 1152 1363 sacrari

111 1402 324 1484 ambitiosum,
355 1403 540 1487 superbum3
576 1409 608 1468 et
637 1409 789 1468 vanescet
818 1402 955 1486 Augusti
984 1401 1093 1481 honor,
1125 1401 1152 1466 si

112 1506 276 1590 promiscis
298 1506 534 1572 adulationibus
556 1503 726 1590 vulgatur.³

199 1610 250 1675 38.
275 1604 354 1694 ‘Ego
377 1631 438 1692 me,
461 1616 568 1695 patres
583 1611 762 1696 conscripti,
785 1611 949 1676 mortalem
967 1629 1037 1675 1111
1053 1608 1152 1674 etho-

112 1714 234 1778 minum
256 1713 362 1779 officia
384 1714 475 1797 fungi
498 1714 640 1797 satisque
662 1713 792 1795 habere,
816 1714 842 1779 si
857 1714 960 1778 locum
976 1713 1152 1797 principem

111 1817 270 1902 impleam,
304 1824 335 1882 et
356 1838 414 1883 vos
436 1824 534 1883 testor
557 1823 589 1882 11
611 1817 795 1883 meminisse
816 1823 959 1902 posteros
981 1817 1066 1900 volo;
1099 1816 1152 1898 qui

113 1922 191 1986 satis
220 1941 377 2006 superque
410 1922 581 1987 memoriae
611 1943 702 1987 meae
731 1922 881 2003 tribuent,
915 1927 950 1984 ut
979 1920 1152 1986 maioribus

111 2025 191 2088 meis
214 2024 355 2108 dignum,
379 2044 483 2089 rerum
506 2030 682 2090 vestrarum
697 2023 874 2110 providum,
899 2029 1096 2089 constantem
1118 2024 1153 2087 in

111 2127 270 2211 periculis,
293 2127 502 2192 offensionum
529 2148 586 2212 pro
608 2128 743 2192 utilitate
765 2128 893 2212 publica
914 2147 978 2192 non
1000 2127 1153 2212 pavidum

112 2229 252 2295 credant.
276 2230 356 2295 haec
378 2230 456 2294 mihi
471 2231 505 2295 in
521 2231 636 2296 animis
651 2231 765 2296 vestris
785 2232 913 2315 templa,
936 2231 997 2295 hae
1012 2230 1153 2314 pulcher·

112 2334 212 2399 rimae
236 2333 359 2418 effigies
383 2341 414 2398 et
436 2354 614 2399 mansurae.
652 2355 727 2399 nam
758 2355 840 2417 quae
870 2354 950 2400 saxo
980 2341 1152 2416 struuntur,

112 2437 141 2502 11
162 2436 313 2502 iudicium
337 2444 532 2522 posterorum
559 2438 592 2502 in
620 2437 727 2503 odium
756 2439 862 2518 vertit,
892 2458 949 2522 pro
978 2437 1173 2525 sepulchris·

114 2547 311 2625 spernuntur.
350 2541 483 2626 proinde
513 2542 615 2607 socios
645 2543 732 2607 oives
763 2549 794 2606 et
824 2540 901 2606 deos
923 2542 1009 2625 ipsos
1032 2561 1152 2625 precor,

114 2643 172 2709 hos
198 2651 233 2709 ut
260 2645 338 2709 mihi
361 2644 402 2708 ad
425 2644 644 2726 finem'usque
660 2645 745 2710 vitae
762 2646 900 2726 quietam
917 2650 948 2709 11
970 2644 1153 2728 intellegen-

112 2753 177 2812 tem
192 2747 323 2812 humani
339 2747 503 2830 divinique
518 2749 596 2813 iuris
618 2755 757 2813 mentem
780 2747 881 2829 duint,
904 2748 974 2812 illos
989 2753 1034 2828 ut,
1058 2767 1154 2829 quan-

113 2849 217 2934 doque
249 2871 444 2933 conoessero,
475 2873 547 2917 eum
577 2851 672 2917 laude
702 2858 734 2917 et
763 2852 855 2917 bonis
885 2850 1153 2917 recordationibus

114 2957 199 3021 facta
221 2962 317 3038 atque
339 2955 458 3020 famam
481 2956 622 3022 nominis
641 2956 705 3021 mei
727 2952 978 3040 prosequantur.'
1005 2955 1153 3040 perstitit·

115 3080 177 3143 que
206 3059 338 3144 posthae
369 3059 499 3125 secretis
529 3060 625 3125 etiam
652 3061 850 3125 sermonibus
871 3060 1036 3144 aspernari
1057 3059 1154 3124 talem

114 3164 163 3228 sui
186 3163 313 3228 cultum.
354 3162 438 3245 quod
460 3162 515 3227 alii
538 3161 736 3244 modestiam,
760 3163 859 3245 multi,
889 3164 962 3246 quia
985 3162 1153 3244 diffideret,

114 3267 243 3351 quidam
277 3273 312 3331 ut
346 3267 513 3351 degeneris
542 3267 642 3332 animi
671 3267 969 3352 interpretabantur.
1008 3273 1154 3350 optumos

113 3372 233 3456 quippe
256 3370 433 3436 mortalium
456 3370 610 3435 altissima
633 3390 761 3454 cupere:
790 3370 836 3436 111
859 3370 1026 3435 Herculem
1052 3377 1083 3434 et
1105 3370 1154 3434 Li·

114 3476 226 3540 berum
247 3473 334 3558 apud
357 3474 505 3554 Graecos,
529 3471 696 3550 Quirinum
717 3472 804 3558 apud
826 3493 883 3537 nos
906 3472 1000 3537 deum
1023 3492 1154 3539 numero

114 3577 255 3642 additos:
285 3577 399 3642 melius
420 3577 610 3661 Angustum,
642 3577 695 3659 qui
723 3577 906 3661 speraverit.
945 3582 1050 3641 cetera
1071 3575 1154 3659 prin-

115 3681 238 3766 cipibus
271 3681 379 3745 statim
411 3680 538 3746 adesse:
576 3701 675 3745 unum
711 3673 933 3746 insatiabiliter
966 3678 1153 3763 parandum,

114 3804 299 3868 prosperam
329 3785 378 3849 sui
408 3784 605 3850 memoriam:
635 3804 711 3857 nam
741 3789 924 3866 contemptu
953 3781 1058 3846 famae
1085 3801 1155 3847 con·

115 3887 214 3953 temni
238 3887 380 3953 virtutes.
