2760 4214
501 206 863 275 aummnmm.
1159 187 1199 250 37

166 382 300 448 suffosso
324 401 405 465 equo
428 380 576 466 delapsus
600 380 915 460 circumveniebatur,
939 381 973 443 ni
995 380 1098 464 prima
1118 377 1201 461 legio

164 482 235 552 sese
258 485 464 570 opposuisset.
503 485 583 551 iuvit
614 484 752 550 hostium
781 483 928 565 aviditas,
959 482 1076 548 omissa
1105 480 1202 547 caede

165 589 318 674 praedam
353 590 550 670 sectantium,
587 589 758 671 enisaeque
788 587 930 671 legiones
960 591 1202 671 vesperascente

164 694 217 760 die
232 694 266 758 in
281 702 393 778 aperta
409 701 440 759 et
456 691 565 759 solida.
597 713 702 776 neque
717 692 745 757 is
760 692 957 757 miseriarum
972 691 1053 756 finis.
1085 696 1201 755 struen-

166 797 241 863 dum
271 799 399 880 vallum,
429 796 586 882 petendus
618 816 726 881 agger,
757 797 876 861 amissa
902 816 1019 880 magna
1046 800 1202 878 exparte

165 923 222 986 per
247 921 328 985 quae
351 902 488 987 egeritur
510 901 625 967 humus
647 906 702 965 aut
718 899 874 965 exciditur
890 919 1034 984 caespes3
1058 919 1121 964 non
1137 903 1202 962 ten·
1300 893 1302 897 ’

165 1007 244 1071 toria
266 1006 445 1090 manipulis,
469 1027 532 1072 non
555 1005 696 1070 fomenta
718 1005 847 1088 sauciis;
871 1002 1006 1069 infectos
1028 1022 1127 1068 caeno
1146 1008 1202 1066 aut

166 1130 275 1175 cruore
299 1111 386 1176 cibos
409 1108 588 1174 dividentes
610 1108 753 1175 funestas
768 1110 916 1173 tenebras
932 1114 964 1173 et
978 1114 1024 1172 tot
1038 1106 1201 1172 hominum

167 1215 293 1280 milibus
316 1234 418 1303 unum
436 1215 499 1278 iam
522 1213 678 1296 reliquum
701 1213 785 1278 diem
806 1214 1070 1278 lamentabantur.

253 1318 303 1382 66.
327 1319 422 1384 Forte
445 1338 545 1400 equus
570 1318 713 1402 abruptis
735 1316 869 1382 vinculis
889 1336 990 1400 vagus
1013 1322 1044 1380 et
1066 1314 1202 1379 clamore
1228 1310 1366 1424 siccingimus

167 1423 292 1487 territus
327 1421 479 1504 quosdam
513 1422 744 1486 occurrentium
778 1420 967 1487 obturbavit.
1007 1424 1095 1483 tanta
1127 1416 1203 1482 inde
1246 1389 1268 1424 a
1297 1390 1354 1433 “m

166 1527 379 1600 consternatio
410 1527 566 1610 inrupisse
591 1526 767 1591 Germanos
797 1525 1002 1606 credentium,
1033 1529 1069 1587 ut
1098 1520 1203 1587 cuncti

167 1637 293 1696 ruerent
315 1629 357 1694 ad
379 1637 495 1715 portas,
520 1650 653 1713 quarum
677 1629 852 1695 decumana
871 1629 1010 1694 maxime
1026 1627 1202 1713 petebatur,

165 1756 280 1800 aversa
312 1735 395 1800 hosti
429 1743 460 1800 et
494 1735 689 1819 fugientibus
722 1735 824 1799 tutior.
872 1734 1009 1800 Caecina
1044 1737 1202 1815 comperto

167 1859 283 1904 vanam
314 1859 383 1904 esse
411 1838 622 1920 formidinem,
654 1859 726 1904 cum
755 1845 862 1903 tamen
892 1858 995 1920 neque
1017 1835 1202 1902 auctoritate

168 1963 271 2024 neque
294 1942 450 2027 precibus,
481 1962 522 2006 ne
547 1963 643 2006 manu
666 1941 793 2024 quidem
815 1943 968 2007 obsistere
990 1947 1045 2006 aut
1065 1940 1202 2005 retinere

166 2047 298 2110 militem
328 2047 439 2129 quiret,
473 2040 630 2130 proiectus
662 2046 694 2110 in
724 2046 832 2111 limine
861 2053 970 2131 portae
1002 2045 1202 2110 miseratione

142 2179 146 2188 ·
164 2149 303 2232 demum,
327 2151 401 2233 quia
415 2171 472 2234 per
488 2171 600 2235 corpur
615 2150 712 2235 legati
727 2150 865 2216 eundum
880 2157 957 2232 erat,
975 2150 1086 2215 clausit
1101 2149 1200 2234 viam,

165 2253 258 2319 simul
269 2253 387 2317 tribuni
399 2259 431 2318 et
443 2255 641 2319 centuriones
653 2253 767 2319 falsum
779 2275 928 2339 pavorem
941 2274 1010 2319 esse
1020 2253 1199 2318 docuerunt.

252 2357 304 2422 67.
335 2359 425 2423 Tunc
456 2364 631 2424 contractos
665 2359 697 2423 in
731 2359 887 2443 principia
920 2359 1085 2440 iussosque
1116 2356 1201 2421 dicta
1232 2357 1312 2403 sucino
1327 2369 1357 2403 “¹

165 2482 237 2526 cunr
271 2461 394 2526 silentio
428 2462 572 2546 accipere
604 2462 753 2547 temporis
787 2483 825 2527 ae
857 2463 1055 2528 necessitatis
1084 2466 1198 2526 monet.
1224 2428 1370 2544 ww

165 2585 262 2629 unam
296 2565 329 2628 in
362 2565 458 2631 armis
492 2566 633 2647 salutem,
668 2565 725 2632 sed
755 2586 793 2630 ea
825 2566 953 2631 oonsilio
984 2563 1200 2649 temperanda,

165 2668 421 2753 manendumque
451 2671 533 2733 intra
563 2670 690 2752 vallum,
724 2670 826 2735 donec
856 2668 1061 2755 expugnandi
1095 2668 1201 2734 hostes

166 2793 222 2857 spe
245 2774 373 2858 propius
395 2775 614 2859 succederent;
638 2796 713 2840 mox
728 2774 868 2857 undique
884 2772 1125 2858 erumpendum:
1149 2771 1203 2836 illa

166 2877 330 2961 eruptione
353 2877 394 2942 ad
416 2877 562 2943 Rhenum
585 2879 753 2963 perveniri.
785 2879 869 2961 quod
885 2879 911 2944 si
927 2878 1081 2962 fugerent,
1105 2876 1202 2961 pluris

166 2981 274 3062 silvas,
305 2981 478 3065 profundas
501 2984 602 3067 magis
626 2982 768 3067 paludes,
799 2983 963 3049 saevitiam
991 2981 1127 3047 hostium
1155 3001 1202 3046 su·

165 3104 308 3169 peresse;
339 3092 371 3149 at
394 3086 565 3151 victoribus
593 3086 690 3152 decus
712 3087 853 3171 gloriam.
893 3106 974 3169 quae
1004 3085 1088 3151 domi
1119 3105 1200 3166 cara,

167 3209 248 3271 quae
271 3189 303 3253 in
328 3190 439 3255 eastris
461 3190 601 3275 honesta,
626 3199 792 3276 memorat;
826 3192 950 3256 reticuit
980 3189 1019 3256 de
1049 3189 1200 3255 adversis.

167 3312 265 3375 equos
299 3293 423 3375 dehinc,
457 3314 546 3360 orsus
576 3316 596 3360 a
626 3295 700 3376 suis,
731 3297 905 3380 legatorum
933 3295 1200 3376 tribunorumque,

168 3397 255 3460 nulla
276 3397 449 3462 ambitione
472 3397 641 3465 fortissimo
666 3401 778 3482 cuique
800 3399 943 3465 bellatori
966 3398 1071 3479 tradit,
1102 3405 1136 3462 ut
1157 3397 1200 3479 hi,

168 3520 243 3564 mox
266 3500 365 3585 pedes
388 3501 421 3565 in
443 3502 567 3567 hostem
590 3503 785 3568 invaderent.

254 3604 304 3668 68.
329 3604 424 3670 Haud
446 3605 551 3670 minus
573 3607 697 3689 inquies
713 3607 978 3691 Germanusspe,
1002 3604 1150 3690 cupidine
1170 3611 1201 3668 et
1234 3604 1311 3648 &mm
1325 3604 1362 3649 to

166 3707 300 3772 diversis
316 3707 430 3773 ducum
446 3709 612 3774 sententiis
627 3711 753 3794 agebat,
776 3709 918 3775 Arminio
938 3709 1077 3775 sinerent
1093 3707 1202 3793 egredi
1233 3673 1365 3795 mm

167 3810 374 3895 egressosque
396 3833 519 3877 rursum
535 3834 591 3897 per
606 3813 714 3878 umida
730 3821 761 3879 et
776 3813 919 3898 inpedita
939 3813 1209 3878 circumvenirent
1238 3826 1374 3874 essum

167 3899 331 3998 §uadentes
355 3916 507 3983 atrociora
528 3919 734 4007 Inguiomero
758 3928 792 3991 et
811 3922 903 3991 laeta
918 3920 1093 4001 barbaris,
1109 3913 1235 3982 utvab·
1274 3891 1367 3937 ml*
