2760 4214
504 193 685 250 auem.
712 192 870 262 achara.
1141 177 1203 242 163

163 367 279 448 lucum,
314 387 408 450 quem
437 366 656 432 Baduhennae
686 373 810 448 vocant,
841 388 950 452 pugna
980 368 1013 432 in
1043 373 1203 452 posterum

165 478 308 537 extracta
328 471 498 553 confectos,
521 478 553 536 et
575 471 671 536 aliam
694 470 996 555 quadringentorum
1011 492 1140 536 manum
1156 492 1203 537 oc-

165 582 280 660 cupata
303 575 499 659 Cruptorigis
523 574 683 657 quondam
706 574 905 659 stipendiarii
928 576 1012 657 villa,
1035 582 1203 659 postquam

164 678 299 764 proditio
322 681 530 760 metuebatur,
553 679 671 744 mutuis
693 679 809 744 ictibus
831 679 1047 762 procubuisse.

251 783 301 847 14.
330 782 457 848 Clamm
487 781 562 847 inde
592 782 675 847 inter
704 781 879 847 Germanos
909 783 1047 848 Frisium
1076 781 1372 894 111111,ῗῑ161ἓ111Μ

164 886 383 953 dissimulante
406 886 533 952 Tiberio
562 885 689 967 damna,
720 906 761 950 ne
785 887 836 951 cui
857 887 976 952 bellum
998 887 1202 972 permitteret.
1275 853 1368 964 „3⁰¹”

165 1011 268 1073 neque
291 997 420 1056 senatus
441 991 475 1055 in
499 1010 536 1055 eo
560 1011 645 1071 cura,
675 1011 717 1055 an
745 990 871 1074 imperii
898 996 1041 1055 extrema
1067 990 1203 1056 dehone·
1244 989 1359 1042 mll‘ll‘

164 1101 335 1160 starentur:
359 1115 459 1178 pavor
479 1094 621 1159 internus
644 1101 854 1178 occupaverat
877 1094 1009 1175 animoa,
1034 1094 1084 1158 cui
1107 1114 1204 1160 reme·
1234 1058 1363 1173 *mim

165 1198 253 1262 dium
284 1197 466 1263 adulatione
501 1199 719 1280 quaerebatur.
764 1198 810 1262 ita
842 1217 1035 1279 quamquam
1069 1197 1203 1264 diversis

165 1322 261 1387 super
282 1303 376 1367 rebus
399 1303 646 1383 consulerentur,
678 1322 766 1366 aram
790 1301 986 1382 clementiae,
1017 1322 1105 1366 aram
1127 1302 1192 1366 anri

165 1406 259 1471 citiae
293 1406 479 1490 effigiesque
509 1407 625 1471 circum
656 1405 802 1472 Caesaris
832 1425 870 1470 ac
901 1405 1009 1472 Seiani
1041 1426 1201 1487 censuere,

166 1511 346 1593 crebrisque
375 1511 522 1595 precibus
551 1509 770 1593 efflagitabant
792 1509 918 1575 visendi
941 1510 990 1574 sui
1013 1510 1137 1594 copiam
1158 1510 1203 1574 fa·

166 1619 282 1678 cercnt.
306 1634 369 1678 non
391 1614 437 1677 illi
459 1620 566 1678 tamen
589 1614 623 1678 in
646 1614 758 1678 urbem
780 1621 836 1677 aut
858 1613 1036 1698 propinqua
1057 1613 1128 1678 urbi
1151 1612 1203 1678 de·

165 1718 267 1802 gressi
289 1724 376 1782 sunt:
400 1717 477 1782 satis
499 1718 603 1783 visum
626 1717 769 1782 omittere
792 1718 928 1783 insulam
952 1724 983 1781 11
1005 1717 1038 1781 11
1058 1717 1203 1801 proximo

164 1820 358 1905 Campaniae
380 1821 490 1905 aspici.
525 1842 563 1887 eo
585 1821 695 1887 venire
717 1828 834 1906 patres,
859 1841 967 1903 eques,
989 1841 1107 1905 magna
1129 1841 1204 1905 pars

165 1924 277 2008 plebis,
300 1925 390 1989 anxii
413 1945 490 2009 erga
512 1926 672 2006 Seianum,
696 1925 785 1990 cuius
809 1925 916 1989 durior
938 1945 1136 2008 congressus,
1160 1930 1205 1988 at·

166 2047 227 2110 que
249 2049 287 2093 eo
310 2047 366 2112 per
387 2029 542 2093 ambitum
565 2035 597 2093 et
619 2029 769 2093 societate
800 2028 1000 2094 consiliomm
1024 2028 1203 2111 parabatur.

166 2132 243 2196 satis
274 2133 441 2197 constabat
470 2139 597 2196 auctam
625 2132 655 2196 11
676 2131 898 2215 adrogantiam
920 2130 1049 2198 foedum
1071 2131 1151 2196 illud
1172 2131 1205 2195 in

166 2236 331 2319 propatulo
365 2236 528 2301 servitium
556 2237 726 2320 spectanti;
759 2236 876 2320 quippe
901 2238 1021 2301 Romae
1044 2236 1126 2301 sueti
1145 2235 1207 2301 dis-

166 2359 284 2420 cursus,
309 2345 341 2403 et
362 2339 582 2424 magnitudine
604 2341 691 2406 urbis
714 2341 879 2421 incertum,
903 2339 988 2422 quod
1011 2340 1143 2422 quisque
1163 2338 1206 2404 ad

165 2444 327 2526 negotium
351 2451 477 2527 pergat:
501 2444 545 2510 ibi
569 2464 680 2528 campo
703 2451 759 2508 aut
781 2444 870 2509 litore
886 2444 1026 2508 iacentes
1042 2443 1127 2507 nullo
1147 2442 1206 2508 dis·

168 2548 298 2612 crimine
324 2555 450 2613 noctem
480 2568 519 2613 ac
549 2548 634 2614 diem
657 2549 747 2613 iuxta
769 2549 905 2632 gratiam
927 2554 983 2611 aut
1005 2547 1106 2611 fastus
1128 2547 1205 2610 iani-

168 2658 269 2716 torum
291 2653 559 2737 perpetiebantur,
592 2653 694 2719 donec
716 2652 750 2716 id
773 2669 898 2734 quoque
921 2650 1069 2715 vetitum:
1100 2658 1133 2715 et
1162 2669 1206 2714 re-

166 2775 283 2821 venere
312 2757 346 2820 in
373 2758 484 2822 urbem
512 2756 636 2841 trepidi,
667 2777 745 2839 quos
767 2776 832 2820 non
855 2774 1009 2836 sermone,
1040 2774 1105 2819 non
1136 2753 1206 2819 visu

167 2858 318 2943 dignatus
348 2868 425 2941 erat,
461 2860 589 2942 quidam
620 2861 702 2926 male
732 2860 863 2941 alacres,
900 2859 1013 2942 quibus
1047 2858 1207 2923 infaustae

167 2963 326 3028 amicitiae
348 2964 454 3047 gravis
478 2964 582 3029 exitus
605 2964 800 3029 imminebat.

255 3067 305 3130 75.
324 3067 471 3132 Ceterum
486 3068 632 3132 liberius
648 3074 777 3151 neptem
792 3066 1002 3151 Agrippinam
1018 3065 1207 3131 Germanico
1237 3076 1367 3131 borbona

168 3176 268 3234 ortam
292 3190 363 3235 cum
387 3190 492 3235 corarn
516 3171 572 3236 Cn.
592 3171 732 3236 Domitio
754 3169 945 3249 tradidisset,
972 3169 1006 3233 11
1029 3171 1107 3234 urbe
1130 3169 1208 3234 cele·
1235 3147 1322 3200 mm
1335 3147 1372 3190 Μ

1228 3215 1372 3260 1111111111

168 3273 254 3338 brari
276 3274 403 3358 nuptias
426 3275 525 3339 iussit.
550 3274 583 3338 in
598 3274 738 3339 Domitio
761 3294 856 3358 super
877 3278 1068 3338 vetustatem
1082 3271 1209 3356 generis
1248 3284 1363 3399 {³223ss

168 3380 379 3463 propinquum
414 3379 604 3444 Caesaribus
637 3378 824 3462 sanguinem
859 3376 1035 3461 delegerat;
1073 3397 1148 3440 nam
1181 3395 1209 3441 11
1247 3421 1362 3474 nemean.

168 3483 274 3546 aviam
294 3481 460 3547 Octaviam
482 3489 514 3547 et
534 3503 591 3566 per
615 3502 689 3570 eam,
707 3483 886 3565 Augustum
908 3479 1099 3546 avunculum
1123 3500 1209 3563 prae-

169 3584 301 3650 ferebat.
