2760 4214
503 174 868 243 adsuescimus
1161 158 1202 223 69

164 354 377 415 removeretur
399 349 507 414 suasit.
553 348 698 414 adultero
721 349 839 414 Manlio
862 349 954 414 Italia
977 354 1073 431 atque
1094 348 1203 414 Africa

164 453 367 518 interdictum
389 459 447 517 est.

250 556 302 621 51.
326 558 376 622 De
398 557 573 641 praetore
564 578 598 620 ιιι
613 557 716 622 locum
732 556 879 641 Vipstani
895 557 987 639 Galli,
1011 577 1105 640 quem
1120 576 1203 622 mors
1222 555 1376 680 ᾐέῖὲξὲξὲσ

167 661 351 742 abstulerat
329 659 588 743 tsubrogando
622 661 822 725 certamen
812 661 951 726 incessit
930 660 1203 726 tGermanicus
1221 704 1269 749 sau
1286 693 1375 748 prum,

165 770 261 846 atque
283 765 407 830 Drusus
438 763 527 849 (nam
555 764 741 828 etiamtum
763 765 883 830 Romae
906 763 1203 850 erantltHaterium

164 868 340 953 Agrippam
362 867 573 952 propinquum
589 868 771 933 Germanici
794 867 959 933 fovebant:
983 875 1093 933 contra
1113 867 1203 952 pleri·

164 992 227 1054 que
249 973 441 1052 nitebantur,
464 979 500 1036 ut
522 992 671 1038 numerus
689 972 859 1037 liberorum
873 972 908 1036 in
924 971 1101 1037 candidatis
1116 992 1203 1057 prae·

165 1076 306 1162 polleret,
330 1075 414 1158 quod
430 1075 482 1140 lex
499 1075 637 1141 iubebat.
668 1076 846 1141 laetabatur
859 1076 1015 1157 Tiberius,
1036 1096 1107 1141 cum
1122 1077 1204 1140 inter

169 1179 251 1244 filios
281 1180 349 1244 eius
379 1185 411 1244 et
439 1179 528 1263 leges
558 1186 687 1245 senatus
717 1180 918 1264 disceptaret.
957 1181 1042 1244 victa
1065 1180 1204 1245 estsine

168 1282 265 1349 dubio
294 1284 358 1365 lex,
386 1282 442 1349 sed
473 1303 578 1366 neque
604 1284 711 1348 statim
740 1290 771 1349 et
801 1284 911 1369 paucis
941 1284 1110 1368 suffragiis,
1141 1303 1203 1366 quo

165 1386 258 1476 modo
282 1387 378 1452 etiam
402 1408 473 1452 cum
496 1388 640 1452 valerent
626 1388 749 1472 tleges
771 1388 990 1453 vincebantur

253 1490 304 1556 52
328 1491 450 1557 Eodem
478 1511 564 1556 anno
595 1497 741 1575 coeptum
771 1491 805 1556 in
827 1490 936 1556 Africa
965 1491 1092 1572 bellurn,
1123 1489 1204 1556 duce
1234 1490 1351 1614 ,lfflss’

163 1593 301 1661 hostium
323 1595 534 1661 Tacfarinate
573 1596 600 1660 is
630 1595 759 1662 natione
781 1594 991 1676 Numidain
1014 1595 1204 1660 castriello
1229 1560 1367 1684 &xlma

166 1699 270 1765 manis
292 1700 511 1764 auxiliariat
482 1699 641 1784 stipendia
663 1700 802 1781 meritus,
826 1721 900 1765 mox
924 1699 1074 1781 desertor,
1105 1718 1205 1783 vagos

164 1803 301 1887 primurn
329 1809 361 1868 ιι
387 1804 431 1868 Ιιι
417 1804 560 1868 trociniis
582 1810 652 1868 suet
653 1824 689 1869 os
639 1803 753 1868 tad
775 1803 927 1888 praedam
950 1809 981 1868 et
1002 1809 1113 1888 raptus
1134 1822 1203 1867 oon·

169 1927 311 1991 gregare,
342 1907 417 1973 dein
446 1928 533 1973 more
555 1908 687 1973 militiae
708 1927 766 1991 per
787 1907 906 1972 vexilla
929 1915 961 1972 ιι
981 1914 1102 1973 turmas
1124 1927 1203 1972 com·

171 2031 298 2096 ponere,
332 2017 491 2097 postremo
525 2032 588 2076 non
618 2011 799 2076 inconditae
828 2013 950 2093 turbae,
977 2002 1041 2077 ¹sed
1070 2011 1205 2077 Musula-

167 2116 300 2181 miorum
324 2115 391 2179 dux
414 2115 533 2181 haberi.
564 2115 672 2179 valida
692 2135 731 2180 ea
744 2135 824 2199 gens
840 2121 871 2180 ιι
887 2114 1110 2180 solitudinibus
1124 2113 1204 2179 Afri·

164 2239 223 2284 cae
245 2218 434 2304 propinqua,
457 2220 542 2284 nullo
563 2219 657 2284 etiam
674 2225 742 2283 tum
757 2219 882 2284 urbium
898 2219 993 2300 cultu,
1017 2218 1101 2304 cepit
1115 2238 1205 2282 arma

163 2323 351 2404 Maurosque
374 2323 497 2388 accolas
519 2323 552 2387 in
568 2323 687 2388 bellum
701 2323 811 2406 traxit3
836 2322 903 2387 dux
919 2327 949 2386 ιι
965 2322 1025 2403 bis,
1047 2322 1202 2406 Mazippa.

164 2425 347 2508 divisusque
378 2427 546 2508 exercitus,
577 2433 612 2490 ut
634 2425 821 2491 Tacfarinas
850 2426 949 2490 lectos
978 2426 1063 2491 viros
1093 2431 1125 2490 ιι
1147 2427 1204 2491 Ro

164 2549 293 2594 manum
315 2530 348 2594 in
371 2529 499 2594 modum
521 2536 660 2595 armatos
686 2530 798 2595 castris
824 2529 983 2610 attineret,
1017 2528 1204 2613 disciplinae

166 2639 198 2697 ιι
225 2633 367 2718 imperiis
394 2641 563 2715 suesceret,
594 2633 741 2717 Mazippa
762 2632 826 2698 levi
849 2653 920 2697 cum
943 2632 1035 2716 copia
1056 2630 1205 2697 incendia

169 2743 201 2802 et
227 2736 342 2803 caedes
370 2745 402 2803 ιι
427 2744 578 2803 ιιιιοιιιιι
601 2737 824 2803 circumferret.
864 2737 1133 2820 conpulerantque
1157 2737 1203 2802 ci-

170 2840 298 2923 nitbios,
332 2841 419 2907 haud
451 2841 664 2926 spernendam
698 2841 869 2922 nationem,
903 2840 936 2904 in
971 2839 1093 2920 eadem,
1132 2859 1204 2906 cum

169 2945 283 3011 Furius
306 2946 456 3012 Camillus
486 2966 542 3030 pro
573 2946 701 3010 consule
723 2945 851 3010 Africae
876 2945 1035 3028 legionem
1063 2951 1095 3009 ιι
1121 2943 1205 3027 quod

165 3049 224 3114 sub
247 3049 347 3134 signis
369 3050 524 3115 sociorum
546 3049 580 3114 in
601 3070 701 3114 unum
721 3048 892 3115 conductos
907 3048 950 3113 ad
964 3048 1088 3115 bostem
1102 3047 1203 3131 duxit,

167 3151 323 3218 modicam
339 3174 477 3235 manum,
494 3153 521 3218 si
536 3153 769 3218 multitudinem
783 3152 994 3218 Numidarum
1009 3158 1105 3235 atque
1120 3153 1204 3217 Mau-

166 3276 271 3321 rorum
302 3264 475 3342 spectares;
510 3255 568 3322 sed
597 3257 676 3322 nibil
705 3276 807 3339 aeque
838 3258 1009 3323 cavebatur
1039 3276 1134 3338 quam
1163 3275 1204 3321 ιιι

166 3360 283 3427 bellum
317 3367 404 3427 metu
437 3361 614 3428 eluderent:
649 3381 706 3447 spe
735 3361 887 3426 victoriae
916 3359 1037 3425 inducti
1067 3366 1140 3425 sunt
1169 3366 1204 3424 ut

167 3465 376 3530 vincerentur.
415 3467 512 3551 igitur
533 3466 617 3550 legio
639 3464 755 3547 medio,
782 3466 870 3531 leves
893 3464 1037 3530 cobortes
1060 3462 1204 3546 duaeque

164 3569 236 3634 alac
265 3569 299 3634 in
332 3569 478 3636 cornibus
504 3570 657 3636 locantur.
699 3590 760 3634 neo
781 3569 968 3634 Tacfarinas
990 3588 1130 3653 pugnam
1153 3567 1204 3633 de-

168 3674 324 3738 trectavit.
370 3673 432 3739 fusi
461 3673 630 3758 Numidae,
665 3674 842 3756 multosque
875 3678 946 3758 post
979 3692 1082 3738 annos
1109 3671 1204 3736 Turio

167 3777 288 3842 nomini
310 3783 435 3860 parturn
457 3776 556 3842 decus
579 3777 718 3842 militiae.
751 3798 826 3841 nam
847 3782 920 3862 post
941 3775 1029 3840 illum
1051 3775 1204 3859 recipera-

167 3885 267 3947 torem
289 3881 377 3946 urbis
398 3880 561 3965 filiumque
584 3879 653 3949 eius
670 3880 843 3950 Camillum
862 3901 970 3970 penes
982 3877 1231 3946 aluaslamdxas
