2760 4214
39 950 135 993 Sodales

11 1020 159 1072 Augustales.

12 1106 154 1159 uastata

6 1176 45 1220 teu
61 1176 159 1229 esteten.

20 2301 68 2354 Sua
83 2309 148 2354 aaran

8 2371 42 2416 tls
60 2371 160 2422 tuanen.

24 2457 140 2503 acutulus

65 2528 109 2572 unt

28 2598 133 2651 enorme.

177 139 219 203 30
426 156 475 210 Ab
494 170 610 210 excessu
627 156 660 210 D.
674 156 801 225 Augusti
818 157 832 210 I
851 159 961 213 53—57.

177 336 300 414 tempus
322 330 444 414 petivit,
468 336 503 394 ut
526 350 673 415 suprema
696 329 848 395 mandata
870 331 960 396 uxori
983 330 1133 396 Alliariae
1156 349 1216 414 per

175 433 282 499 literas
297 433 396 516 daret,
413 435 630 516 cervicemque
646 434 882 518 percussoribus
896 434 1018 516 obtulit,
1035 433 1217 511 constantia

177 537 284 604 mortis
307 537 393 602 haud
415 537 565 622 indignus
588 538 774 622 Sempronio
797 538 937 603 nominc:
961 539 1029 603 rita
1043 537 1218 622 degenera-

176 647 273 706 verat.
303 641 432 723 quidam
448 662 510 706 uon
527 643 628 706 Roma
644 661 697 706 eos
712 641 837 724 milites,
854 641 911 707 sed
926 641 967 707 ab
983 642 1018 707 L.
1036 641 1217 726 Asprenate

176 765 232 828 pro
256 746 382 810 consule
398 745 525 810 Africae
548 746 660 811 missos
683 744 842 811 tradidere
856 753 984 813 auctore
998 746 1135 827 Tiberio,
1159 747 1218 828 qui

176 848 295 913 famam
311 848 418 913 caedis
430 869 523 933 posse
535 849 567 913 iu
580 850 789 933 Asprenatem
801 851 880 915 verti
894 850 1008 915 frustra
1020 857 1214 935 speraverat.

264 953 315 1016 54.
344 951 434 1017 Idem
463 973 567 1019 annus
596 974 696 1019 novas
727 955 934 1019 caerimonias
961 954 1083 1038 accepit
1104 953 1217 1020 addito

178 1056 332 1122 sodalium
344 1058 565 1140 Augustalium
581 1058 765 1141 sacerdotio,
783 1066 816 1124 ut
833 1058 991 1142 quondam
1002 1060 1092 1124 Titus
1104 1060 1218 1127 Tatius

177 1159 351 1225 retinendis
382 1161 571 1227 Sabinorum
605 1164 703 1228 sacris
738 1162 862 1230 sodales
892 1164 992 1229 Titios
1025 1164 1216 1230 instituerat.

178 1272 261 1330 sorte
291 1263 377 1330 ducti
408 1286 426 1330 e
456 1267 644 1350 primoribus
676 1267 813 1333 civitatis
839 1288 921 1333 unus
949 1274 981 1333 et
1008 1268 1134 1353 viginti:
1165 1270 1218 1334 Ti-

178 1370 283 1435 berius
305 1371 490 1453 Drususque
513 1377 544 1435 et
567 1371 718 1436 Claudius
741 1378 773 1436 et
795 1372 1001 1438 Germanicus
1024 1371 1215 1439 adiciuntur.

176 1473 268 1540 ludos
283 1475 474 1557 Augustales
490 1481 565 1539 tunc
587 1476 723 1558 primum
746 1482 873 1560 coeptos
895 1476 1034 1541 turbavit
1057 1475 1218 1542 discordia

178 1599 219 1643 ex
243 1581 414 1645 certamine
437 1579 632 1644 histrionum.
664 1579 838 1645 indulserat
859 1580 888 1645 ei
906 1580 1026 1646 ludicro
1041 1582 1216 1666 Augustus,

178 1683 254 1748 dum
280 1684 457 1750 Maecenati
485 1684 681 1767 obtemperat
710 1685 810 1750 effuso
837 1686 870 1748 in
897 1706 1036 1751 amorem
1059 1686 1216 1772 Bathylli3

178 1808 282 1871 neque
306 1789 375 1872 ipse
398 1788 588 1854 abhorrebat
610 1789 726 1854 talibus
750 1788 871 1870 studiis,
903 1796 934 1854 et
964 1789 1056 1854 civile
1086 1791 1217 1857 rebatur

178 1892 302 1957 misceri
325 1892 538 1976 voluptatibus
561 1892 657 1976 vulgi.
689 1893 752 1958 alia
774 1893 901 1958 Tiberio
924 1915 1045 1959 morum
1067 1894 1135 1977 via3
1159 1895 1217 1960 sed

178 1996 328 2080 populum
350 2015 407 2080 per
429 2002 475 2061 tot
494 2016 594 2061 annos
614 1996 747 2061 molliter
762 1995 905 2062 habitum
920 1997 1060 2062 nondum
1077 1997 1217 2063 audebat

178 2099 220 2163 ad
242 2098 369 2166 duriora
388 2106 520 2165 vertere.

265 2307 316 2372 55.
340 2309 444 2373 Druso
461 2308 595 2374 Caesare
613 2308 646 2374 C.
663 2309 813 2373 Norbano
834 2309 1013 2374 consulibus
1036 2307 1217 2374 decemitnr

179 2411 367 2477 Germanico
395 2411 572 2496 triumphus
602 2418 750 2477 manente
780 2412 877 2496 bello,
908 2411 992 2495 quod
1022 2432 1215 2495 quamquam

179 2516 212 2580 in
234 2522 388 2581 aestatem
411 2535 534 2580 summa
556 2535 616 2598 ope
632 2517 774 2598 parabat,
798 2515 886 2580 initio
902 2516 986 2581 veris
1001 2521 1032 2579 et
1047 2516 1214 2600 repentino

179 2620 212 2685 in
232 2620 363 2686 Chattos
386 2638 521 2685 excursu
541 2620 710 2702 praecepit.
739 2639 813 2683 nam
836 2638 909 2703 spes
931 2619 1104 2684 incesserat
1127 2619 1216 2685 dissi·

179 2724 254 2789 dere
266 2723 389 2789 hostem
401 2723 434 2787 in
446 2721 623 2787 Arminium
638 2742 676 2786 ac
688 2722 862 2806 Segestem,
878 2722 1036 2806 insignem
1048 2730 1216 2805 utrumque

179 2827 312 2912 perfidia
333 2827 367 2891 in
389 2847 448 2892 nos
470 2832 525 2889 aut
546 2825 618 2890 fide.
657 2827 817 2890 Arminius
848 2828 988 2892 turbator
1016 2826 1215 2906 Germaniae,

180 2932 328 3015 Segestes
350 2930 455 3014 parari
476 2929 679 2994 rebellionem
702 2949 799 3013 saepe
821 2929 899 2995 alias
922 2937 954 2994 et
976 2949 1122 3014 supremo
1145 2950 1216 2995 eou-

180 3033 275 3113 vivi0,
306 3039 378 3117 post
405 3031 489 3115 quod
515 3033 549 3097 in
571 3053 659 3097 arma
681 3033 770 3113 itum,
800 3034 923 3117 aperuit
947 3034 1107 3116 suasitque
1130 3033 1215 3098 Varo

116 3168 118 3173 ·
179 3145 214 3202 ut
244 3157 278 3202 se
309 3142 341 3201 et
362 3137 540 3200 Arminium
570 3143 601 3200 et
632 3143 751 3201 ceteros
782 3157 928 3220 proceres
958 3137 1104 3202 vinciret:
1136 3137 1217 3202 nihil

179 3261 326 3307 ausuram
349 3240 474 3324 plebem
496 3240 692 3325 principibus
714 3241 841 3326 amotis3
872 3248 968 3323 atque
997 3241 1058 3326 ipsi
1090 3248 1216 3326 tempus

180 3345 256 3426 iore,
288 3364 348 3426 quo
379 3345 511 3409 crimina
540 3351 573 3409 et
602 3345 749 3409 innoxios
780 3338 981 3410 discerneret.
1027 3345 1084 3410 sed
1111 3345 1216 3412 Varus

180 3448 245 3514 fato
269 3456 300 3514 et
322 3449 355 3512 vi
378 3449 499 3512 Armini
523 3448 650 3513 cecidit:
674 3449 822 3533 Segestes
845 3469 1035 3531 quamquam
1059 3469 1217 3515 consensu

180 3552 285 3638 gentis
306 3552 340 3616 in
363 3551 479 3616 bellum
501 3558 619 3616 tractus
635 3552 754 3617 discors
769 3554 927 3634 manebat,
950 3553 1052 3618 auctis
1066 3553 1217 3637 priuatim

180 3656 271 3736 odiis,
302 3655 386 3738 quod
414 3656 574 3721 Arminius
604 3656 701 3720 filiam
732 3656 799 3721 eius
826 3657 879 3720 alii
901 3663 1028 3741 pactam
1050 3665 1216 3742 rapuerat:

181 3780 279 3844 gener
308 3758 429 3824 inrisus
458 3759 577 3824 inimici
612 3761 720 3841 soceri,
760 3780 902 3843 quaeque
932 3760 1017 3845 apud
1044 3760 1217 3827 concordes

180 3863 308 3930 vincula
330 3862 479 3946 caritatis,
502 3863 707 3929 incitamenta
723 3864 838 3928 irarum
854 3864 939 3948 apud
958 3863 1099 3931 infensos
1115 3872 1215 3930 erant.
