<?xml version="1.0" encoding="UTF-8"?>
<!DOCTYPE html PUBLIC "-//W3C//DTD XHTML 1.0 Transitional//EN"
    "http://www.w3.org/TR/xhtml1/DTD/xhtml1-transitional.dtd">
<html xmlns="http://www.w3.org/1999/xhtml" xml:lang="en" lang="en">
 <head>
  <title>
</title>
<meta http-equiv="Content-Type" content="text/html;charset=utf-8" />
  <meta name='ocr-system' content='tesseract 3.04.00' />
  <meta name='ocr-capabilities' content='ocr_page ocr_carea ocr_par ocr_line ocrx_word'/>
</head>
<body>
  <div class='ocr_page' id='page_1' title='image "./annalen00tacigoog_0084.png"; bbox 0 0 2760 4214; ppageno 0'>
   <div class='ocr_carea' id='block_1_1' title="bbox 153 178 948 262">
    <p class='ocr_par' dir='ltr' id='par_1_1' title="bbox 153 178 948 262">
     <span class='ocr_line' id='line_1_1' title="bbox 153 178 948 262; baseline 0.01 -21"><span class='ocrx_word' id='word_1_1' title='bbox 153 178 195 241; x_wconf 75' lang='lat'><strong>62</strong></span> <span class='ocrx_word' id='word_1_2' title='bbox 396 193 445 247; x_wconf 90' lang='lat' dir='ltr'><strong>Ab</strong></span> <span class='ocrx_word' id='word_1_3' title='bbox 464 208 580 247; x_wconf 86' lang='lat' dir='ltr'><strong>excessu</strong></span> <span class='ocrx_word' id='word_1_4' title='bbox 599 194 630 246; x_wconf 92' lang='lat' dir='ltr'><strong>D.</strong></span> <span class='ocrx_word' id='word_1_5' title='bbox 644 193 771 262; x_wconf 78' lang='lat' dir='ltr'><strong>Augusti</strong></span> <span class='ocrx_word' id='word_1_6' title='bbox 789 193 817 247; x_wconf 94' lang='lat' dir='ltr'><strong>II</strong></span> <span class='ocrx_word' id='word_1_7' title='bbox 836 195 948 251; x_wconf 81' lang='lat'>38-41.</span> 
     </span>
    </p>
   </div>
   <div class='ocr_carea' id='block_1_2' title="bbox 153 366 1197 3986">
    <p class='ocr_par' dir='ltr' id='par_1_2' title="bbox 153 366 1196 2425">
     <span class='ocr_line' id='line_1_2' title="bbox 154 366 1191 451; baseline 0.001 -20"><span class='ocrx_word' id='word_1_8' title='bbox 154 366 281 449; x_wconf 91' lang='lat' dir='ltr'><strong>quidem</strong></span> <span class='ocrx_word' id='word_1_9' title='bbox 316 374 346 432; x_wconf 91' lang='lat' dir='ltr'><strong>et</strong></span> <span class='ocrx_word' id='word_1_10' title='bbox 380 368 551 451; x_wconf 82' lang='lat' dir='ltr'><strong>inprovisa,</strong></span> <span class='ocrx_word' id='word_1_11' title='bbox 584 387 656 431; x_wconf 92' lang='lat' dir='ltr'><strong>eum</strong></span> <span class='ocrx_word' id='word_1_12' title='bbox 688 367 761 432; x_wconf 89' lang='lat' dir='ltr'><strong>aliis</strong></span> <span class='ocrx_word' id='word_1_13' title='bbox 791 366 832 432; x_wconf 91' lang='lat' dir='ltr'><strong>de</strong></span> <span class='ocrx_word' id='word_1_14' title='bbox 859 369 955 433; x_wconf 89' lang='lat' dir='ltr'><strong>rebus</strong></span> <span class='ocrx_word' id='word_1_15' title='bbox 986 368 1191 434; x_wconf 72' lang='lat' dir='ltr'><strong>convenerint</strong></span> 
     </span>
     <span class='ocr_line' id='line_1_3' title="bbox 153 471 1190 554; baseline 0.002 -20"><span class='ocrx_word' id='word_1_16' title='bbox 153 478 268 554; x_wconf 87' lang='lat' dir='ltr'><strong>patres,</strong></span> <span class='ocrx_word' id='word_1_17' title='bbox 285 490 476 554; x_wconf 81' lang='lat' dir='ltr'><strong>consurgere</strong></span> <span class='ocrx_word' id='word_1_18' title='bbox 492 477 523 536; x_wconf 89' lang='lat' dir='ltr'><strong>et</strong></span> <span class='ocrx_word' id='word_1_19' title='bbox 538 491 669 535; x_wconf 90' lang='lat' dir='ltr'><strong>numero</strong></span> <span class='ocrx_word' id='word_1_20' title='bbox 683 477 779 552; x_wconf 91' lang='lat' dir='ltr'><strong>atque</strong></span> <span class='ocrx_word' id='word_1_21' title='bbox 794 477 899 537; x_wconf 85' lang='lat' dir='ltr'><strong>aetate</strong></span> <span class='ocrx_word' id='word_1_22' title='bbox 913 471 1051 537; x_wconf 89' lang='lat' dir='ltr'><strong>liberum</strong></span> <span class='ocrx_word' id='word_1_23' title='bbox 1067 492 1190 538; x_wconf 87' lang='lat' dir='ltr'><strong>suerum</strong></span> 
     </span>
     <span class='ocr_line' id='line_1_4' title="bbox 153 572 1191 658; baseline 0.002 -20"><span class='ocrx_word' id='word_1_24' title='bbox 153 594 265 658; x_wconf 88' lang='lat' dir='ltr'><strong>urgere</strong></span> <span class='ocrx_word' id='word_1_25' title='bbox 297 574 486 640; x_wconf 81' lang='lat' dir='ltr'><strong>modestiam</strong></span> <span class='ocrx_word' id='word_1_26' title='bbox 517 581 655 656; x_wconf 86' lang='lat' dir='ltr'><strong>senatus,</strong></span> <span class='ocrx_word' id='word_1_27' title='bbox 689 572 824 639; x_wconf 92' lang='lat' dir='ltr'><strong>eandem</strong></span> <span class='ocrx_word' id='word_1_28' title='bbox 854 575 920 639; x_wconf 90' lang='lat' dir='ltr'><strong>vim</strong></span> <span class='ocrx_word' id='word_1_29' title='bbox 949 576 985 640; x_wconf 91' lang='lat' dir='ltr'><strong>in</strong></span> <span class='ocrx_word' id='word_1_30' title='bbox 1014 597 1066 642; x_wconf 90' lang='lat' dir='ltr'><strong>me</strong></span> <span class='ocrx_word' id='word_1_31' title='bbox 1096 583 1191 641; x_wconf 88' lang='lat' dir='ltr'><strong>trans·</strong></span> 
     </span>
     <span class='ocr_line' id='line_1_5' title="bbox 153 678 1192 762; baseline 0.002 -20"><span class='ocrx_word' id='word_1_32' title='bbox 153 679 277 743; x_wconf 87' lang='lat' dir='ltr'><strong>mittere</strong></span> <span class='ocrx_word' id='word_1_33' title='bbox 300 699 338 742; x_wconf 90' lang='lat' dir='ltr'><strong>ae</strong></span> <span class='ocrx_word' id='word_1_34' title='bbox 361 678 448 743; x_wconf 81' lang='lat' dir='ltr'><strong>velut</strong></span> <span class='ocrx_word' id='word_1_35' title='bbox 470 678 667 762; x_wconf 84' lang='lat' dir='ltr'><strong>perfringere</strong></span> <span class='ocrx_word' id='word_1_36' title='bbox 687 678 854 760; x_wconf 86' lang='lat' dir='ltr'><strong>aerarium,</strong></span> <span class='ocrx_word' id='word_1_37' title='bbox 877 678 962 760; x_wconf 91' lang='lat' dir='ltr'><strong>qued</strong></span> <span class='ocrx_word' id='word_1_38' title='bbox 977 680 1005 745; x_wconf 88' lang='lat' dir='ltr'><strong>si</strong></span> <span class='ocrx_word' id='word_1_39' title='bbox 1020 679 1192 745; x_wconf 82' lang='lat' dir='ltr'><strong>ambitione</strong></span> 
     </span>
     <span class='ocr_line' id='line_1_6' title="bbox 153 780 1192 866; baseline 0.001 -20"><span class='ocrx_word' id='word_1_40' title='bbox 153 782 404 863; x_wconf 84' lang='lat' dir='ltr'><strong>exhauserimus,</strong></span> <span class='ocrx_word' id='word_1_41' title='bbox 437 802 493 866; x_wconf 91' lang='lat' dir='ltr'><strong>per</strong></span> <span class='ocrx_word' id='word_1_42' title='bbox 520 781 640 846; x_wconf 88' lang='lat' dir='ltr'><strong>scelera</strong></span> <span class='ocrx_word' id='word_1_43' title='bbox 663 780 874 866; x_wconf 89' lang='lat' dir='ltr'><strong>supplendum</strong></span> <span class='ocrx_word' id='word_1_44' title='bbox 898 783 966 848; x_wconf 91' lang='lat' dir='ltr'><strong>erit.</strong></span> <span class='ocrx_word' id='word_1_45' title='bbox 1013 782 1103 849; x_wconf 85' lang='lat' dir='ltr'><strong>dedit</strong></span> <span class='ocrx_word' id='word_1_46' title='bbox 1126 784 1192 864; x_wconf 88' lang='lat' dir='ltr'><strong>tibi,</strong></span> 
     </span>
     <span class='ocr_line' id='line_1_7' title="bbox 154 884 1192 972; baseline 0.002 -22"><span class='ocrx_word' id='word_1_47' title='bbox 154 886 292 965; x_wconf 87' lang='lat' dir='ltr'><strong>Hortale,</strong></span> <span class='ocrx_word' id='word_1_48' title='bbox 324 884 417 950; x_wconf 91' lang='lat' dir='ltr'><strong>divus</strong></span> <span class='ocrx_word' id='word_1_49' title='bbox 440 887 602 969; x_wconf 89' lang='lat' dir='ltr'><strong>Augustus</strong></span> <span class='ocrx_word' id='word_1_50' title='bbox 625 885 804 970; x_wconf 90' lang='lat' dir='ltr'><strong>pecuniam,</strong></span> <span class='ocrx_word' id='word_1_51' title='bbox 832 885 889 951; x_wconf 90' lang='lat' dir='ltr'><strong>sed</strong></span> <span class='ocrx_word' id='word_1_52' title='bbox 911 907 976 952; x_wconf 88' lang='lat' dir='ltr'><strong>non</strong></span> <span class='ocrx_word' id='word_1_53' title='bbox 998 887 1192 972; x_wconf 78' lang='lat' dir='ltr'><strong>conpellatus</strong></span> 
     </span>
     <span class='ocr_line' id='line_1_8' title="bbox 154 988 1193 1074; baseline 0.001 -21"><span class='ocrx_word' id='word_1_54' title='bbox 154 1011 214 1054; x_wconf 90' lang='lat' dir='ltr'><strong>nec</strong></span> <span class='ocrx_word' id='word_1_55' title='bbox 237 1011 275 1054; x_wconf 91' lang='lat' dir='ltr'><strong>ea</strong></span> <span class='ocrx_word' id='word_1_56' title='bbox 297 990 380 1072; x_wconf 86' lang='lat' dir='ltr'><strong>lege,</strong></span> <span class='ocrx_word' id='word_1_57' title='bbox 405 995 439 1053; x_wconf 94' lang='lat' dir='ltr'><strong>ut</strong></span> <span class='ocrx_word' id='word_1_58' title='bbox 463 1010 588 1073; x_wconf 90' lang='lat' dir='ltr'><strong>semper</strong></span> <span class='ocrx_word' id='word_1_59' title='bbox 610 988 747 1053; x_wconf 89' lang='lat' dir='ltr'><strong>daretur.</strong></span> <span class='ocrx_word' id='word_1_60' title='bbox 788 989 972 1073; x_wconf 79' lang='lat' dir='ltr'><strong>languescet</strong></span> <span class='ocrx_word' id='word_1_61' title='bbox 1002 991 1121 1074; x_wconf 82' lang='lat' dir='ltr'><strong>alioqui</strong></span> <span class='ocrx_word' id='word_1_62' title='bbox 1151 991 1193 1055; x_wconf 91' lang='lat' dir='ltr'><strong>in-</strong></span> 
     </span>
     <span class='ocr_line' id='line_1_9' title="bbox 154 1091 1193 1174; baseline 0.006 -19"><span class='ocrx_word' id='word_1_63' title='bbox 154 1092 284 1173; x_wconf 86' lang='lat' dir='ltr'><strong>dustria,</strong></span> <span class='ocrx_word' id='word_1_64' title='bbox 316 1091 498 1158; x_wconf 87' lang='lat' dir='ltr'><strong>intendetur</strong></span> <span class='ocrx_word' id='word_1_65' title='bbox 526 1092 678 1174; x_wconf 85' lang='lat' dir='ltr'><strong>socordia,</strong></span> <span class='ocrx_word' id='word_1_66' title='bbox 710 1094 737 1158; x_wconf 91' lang='lat' dir='ltr'><strong>si</strong></span> <span class='ocrx_word' id='word_1_67' title='bbox 764 1094 870 1160; x_wconf 90' lang='lat' dir='ltr'><strong>nullus</strong></span> <span class='ocrx_word' id='word_1_68' title='bbox 892 1115 934 1159; x_wconf 83' lang='lat' dir='ltr'><strong>ex</strong></span> <span class='ocrx_word' id='word_1_69' title='bbox 956 1114 990 1160; x_wconf 87' lang='lat' dir='ltr'><strong>se</strong></span> <span class='ocrx_word' id='word_1_70' title='bbox 1013 1101 1117 1161; x_wconf 91' lang='lat' dir='ltr'><strong>metus</strong></span> <span class='ocrx_word' id='word_1_71' title='bbox 1140 1103 1193 1161; x_wconf 90' lang='lat' dir='ltr'><strong>aut</strong></span> 
     </span>
     <span class='ocr_line' id='line_1_10' title="bbox 155 1196 1193 1283; baseline 0.003 -22"><span class='ocrx_word' id='word_1_72' title='bbox 155 1217 238 1281; x_wconf 87' lang='lat' dir='ltr'><strong>spes,</strong></span> <span class='ocrx_word' id='word_1_73' title='bbox 263 1203 294 1262; x_wconf 92' lang='lat' dir='ltr'><strong>et</strong></span> <span class='ocrx_word' id='word_1_74' title='bbox 316 1197 418 1262; x_wconf 88' lang='lat' dir='ltr'><strong>securi</strong></span> <span class='ocrx_word' id='word_1_75' title='bbox 441 1217 550 1262; x_wconf 88' lang='lat' dir='ltr'><strong>omnes</strong></span> <span class='ocrx_word' id='word_1_76' title='bbox 572 1196 678 1261; x_wconf 91' lang='lat' dir='ltr'><strong>aliena</strong></span> <span class='ocrx_word' id='word_1_77' title='bbox 701 1197 843 1262; x_wconf 88' lang='lat' dir='ltr'><strong>subsidia</strong></span> <span class='ocrx_word' id='word_1_78' title='bbox 866 1199 1110 1283; x_wconf 85' lang='lat' dir='ltr'><strong>exspectabunt,</strong></span> <span class='ocrx_word' id='word_1_79' title='bbox 1134 1199 1193 1266; x_wconf 92' lang='lat' dir='ltr'><strong>sibi</strong></span> 
     </span>
     <span class='ocr_line' id='line_1_11' title="bbox 154 1295 1194 1386; baseline 0.005 -22"><span class='ocrx_word' id='word_1_80' title='bbox 154 1301 272 1385; x_wconf 83' lang='lat' dir='ltr'><strong>ignavi,</strong></span> <span class='ocrx_word' id='word_1_81' title='bbox 297 1302 387 1365; x_wconf 89' lang='lat' dir='ltr'><strong>nobis</strong></span> <span class='ocrx_word' id='word_1_82' title='bbox 410 1295 546 1384; x_wconf 84' lang='lat' dir='ltr'><strong>graves&#39;</strong></span> <span class='ocrx_word' id='word_1_83' title='bbox 577 1300 656 1365; x_wconf 90' lang='lat' dir='ltr'><strong>haec</strong></span> <span class='ocrx_word' id='word_1_84' title='bbox 678 1309 775 1382; x_wconf 87' lang='lat' dir='ltr'><strong>atque</strong></span> <span class='ocrx_word' id='word_1_85' title='bbox 797 1302 884 1384; x_wconf 87' lang='lat' dir='ltr'><strong>talia,</strong></span> <span class='ocrx_word' id='word_1_86' title='bbox 908 1323 1101 1386; x_wconf 88' lang='lat' dir='ltr'><strong>quamquam</strong></span> <span class='ocrx_word' id='word_1_87' title='bbox 1123 1325 1194 1369; x_wconf 91' lang='lat' dir='ltr'><strong>eum</strong></span> 
     </span>
     <span class='ocr_line' id='line_1_12' title="bbox 154 1404 1195 1492; baseline 0.005 -23"><span class='ocrx_word' id='word_1_88' title='bbox 154 1405 291 1470; x_wconf 86' lang='lat' dir='ltr'><strong>adsensu</strong></span> <span class='ocrx_word' id='word_1_89' title='bbox 314 1404 424 1468; x_wconf 90' lang='lat' dir='ltr'><strong>audita</strong></span> <span class='ocrx_word' id='word_1_90' title='bbox 444 1404 485 1468; x_wconf 95' lang='lat' dir='ltr'><strong>ab</strong></span> <span class='ocrx_word' id='word_1_91' title='bbox 509 1405 558 1486; x_wconf 76' lang='lat' dir='ltr'><strong>iia,</strong></span> <span class='ocrx_word' id='word_1_92' title='bbox 582 1405 696 1485; x_wconf 91' lang='lat' dir='ltr'><strong>quibus</strong></span> <span class='ocrx_word' id='word_1_93' title='bbox 718 1406 826 1470; x_wconf 90' lang='lat' dir='ltr'><strong>emnia</strong></span> <span class='ocrx_word' id='word_1_94' title='bbox 847 1407 1034 1492; x_wconf 85' lang='lat' dir='ltr'><strong>principum,</strong></span> <span class='ocrx_word' id='word_1_95' title='bbox 1062 1406 1195 1474; x_wconf 90' lang='lat' dir='ltr'><strong>honesta</strong></span> 
     </span>
     <span class='ocr_line' id='line_1_13' title="bbox 154 1508 1194 1594; baseline 0.004 -22"><span class='ocrx_word' id='word_1_96' title='bbox 154 1516 249 1591; x_wconf 89' lang='lat' dir='ltr'><strong>atquc</strong></span> <span class='ocrx_word' id='word_1_97' title='bbox 280 1508 457 1588; x_wconf 87' lang='lat' dir='ltr'><strong>inhonesta,</strong></span> <span class='ocrx_word' id='word_1_98' title='bbox 489 1508 618 1572; x_wconf 90' lang='lat' dir='ltr'><strong>laudare</strong></span> <span class='ocrx_word' id='word_1_99' title='bbox 648 1528 716 1573; x_wconf 90' lang='lat' dir='ltr'><strong>mos</strong></span> <span class='ocrx_word' id='word_1_100' title='bbox 739 1515 797 1590; x_wconf 89' lang='lat' dir='ltr'><strong>est,</strong></span> <span class='ocrx_word' id='word_1_101' title='bbox 828 1509 933 1594; x_wconf 90' lang='lat' dir='ltr'><strong>plures</strong></span> <span class='ocrx_word' id='word_1_102' title='bbox 956 1530 1012 1594; x_wconf 88' lang='lat' dir='ltr'><strong>per</strong></span> <span class='ocrx_word' id='word_1_103' title='bbox 1034 1511 1194 1576; x_wconf 90' lang='lat' dir='ltr'><strong>silentium</strong></span> 
     </span>
     <span class='ocr_line' id='line_1_14' title="bbox 154 1611 1195 1700; baseline 0.004 -24"><span class='ocrx_word' id='word_1_104' title='bbox 154 1618 209 1677; x_wconf 90' lang='lat' dir='ltr'><strong>aut</strong></span> <span class='ocrx_word' id='word_1_105' title='bbox 232 1611 387 1677; x_wconf 92' lang='lat' dir='ltr'><strong>oecultum</strong></span> <span class='ocrx_word' id='word_1_106' title='bbox 410 1632 551 1676; x_wconf 92' lang='lat' dir='ltr'><strong>murmur</strong></span> <span class='ocrx_word' id='word_1_107' title='bbox 573 1632 738 1696; x_wconf 84' lang='lat' dir='ltr'><strong>excepere.</strong></span> <span class='ocrx_word' id='word_1_108' title='bbox 769 1613 946 1695; x_wconf 89' lang='lat' dir='ltr'><strong>sensitque</strong></span> <span class='ocrx_word' id='word_1_109' title='bbox 968 1614 1129 1700; x_wconf 77' lang='lat' dir='ltr'><strong>liberius,</strong></span> <span class='ocrx_word' id='word_1_110' title='bbox 1165 1622 1195 1680; x_wconf 90' lang='lat' dir='ltr'><strong>et</strong></span> 
     </span>
     <span class='ocr_line' id='line_1_15' title="bbox 155 1715 1195 1801; baseline 0.005 -20"><span class='ocrx_word' id='word_1_111' title='bbox 155 1737 226 1781; x_wconf 89' lang='lat' dir='ltr'><strong>cum</strong></span> <span class='ocrx_word' id='word_1_112' title='bbox 249 1717 379 1801; x_wconf 87' lang='lat' dir='ltr'><strong>paulum</strong></span> <span class='ocrx_word' id='word_1_113' title='bbox 402 1716 589 1795; x_wconf 85' lang='lat' dir='ltr'><strong>reticuisset,</strong></span> <span class='ocrx_word' id='word_1_114' title='bbox 620 1715 750 1780; x_wconf 89' lang='lat' dir='ltr'><strong>Hortalo</strong></span> <span class='ocrx_word' id='word_1_115' title='bbox 777 1736 812 1781; x_wconf 90' lang='lat' dir='ltr'><strong>se</strong></span> <span class='ocrx_word' id='word_1_116' title='bbox 834 1716 1036 1801; x_wconf 90' lang='lat' dir='ltr'><strong>respondisse</strong></span> <span class='ocrx_word' id='word_1_117' title='bbox 1057 1720 1117 1784; x_wconf 91' lang='lat' dir='ltr'><strong>ait:</strong></span> <span class='ocrx_word' id='word_1_118' title='bbox 1150 1740 1195 1786; x_wconf 91' lang='lat' dir='ltr'><strong>ce·</strong></span> 
     </span>
     <span class='ocr_line' id='line_1_16' title="bbox 155 1818 1196 1904; baseline 0.005 -21"><span class='ocrx_word' id='word_1_119' title='bbox 155 1827 257 1885; x_wconf 90' lang='lat' dir='ltr'><strong>terum</strong></span> <span class='ocrx_word' id='word_1_120' title='bbox 280 1821 306 1885; x_wconf 91' lang='lat' dir='ltr'><strong>si</strong></span> <span class='ocrx_word' id='word_1_121' title='bbox 329 1820 472 1904; x_wconf 86' lang='lat' dir='ltr'><strong>patribus</strong></span> <span class='ocrx_word' id='word_1_122' title='bbox 495 1818 665 1900; x_wconf 87' lang='lat' dir='ltr'><strong>videretur,</strong></span> <span class='ocrx_word' id='word_1_123' title='bbox 690 1819 836 1883; x_wconf 90' lang='lat' dir='ltr'><strong>daturum</strong></span> <span class='ocrx_word' id='word_1_124' title='bbox 859 1820 966 1886; x_wconf 92' lang='lat' dir='ltr'><strong>liberis</strong></span> <span class='ocrx_word' id='word_1_125' title='bbox 989 1821 1057 1888; x_wconf 89' lang='lat' dir='ltr'><strong>eius</strong></span> <span class='ocrx_word' id='word_1_126' title='bbox 1073 1822 1196 1888; x_wconf 87' lang='lat' dir='ltr'><strong>ducena</strong></span> 
     </span>
     <span class='ocr_line' id='line_1_17' title="bbox 156 1923 1195 2009; baseline 0.003 -20"><span class='ocrx_word' id='word_1_127' title='bbox 156 1925 301 1989; x_wconf 86' lang='lat' dir='ltr'><strong>sestertia</strong></span> <span class='ocrx_word' id='word_1_128' title='bbox 332 1923 476 2007; x_wconf 79' lang='lat' dir='ltr'><strong>singulis⁷</strong></span> <span class='ocrx_word' id='word_1_129' title='bbox 511 1923 565 2004; x_wconf 93' lang='lat' dir='ltr'><strong>qui</strong></span> <span class='ocrx_word' id='word_1_130' title='bbox 596 1943 693 1987; x_wconf 82' lang='lat' dir='ltr'><strong>senus</strong></span> <span class='ocrx_word' id='word_1_131' title='bbox 723 1923 823 1987; x_wconf 91' lang='lat' dir='ltr'><strong>virilis</strong></span> <span class='ocrx_word' id='word_1_132' title='bbox 854 1931 969 1989; x_wconf 91' lang='lat' dir='ltr'><strong>essent.</strong></span> <span class='ocrx_word' id='word_1_133' title='bbox 1017 1945 1112 2009; x_wconf 89' lang='lat' dir='ltr'><strong>egere</strong></span> <span class='ocrx_word' id='word_1_134' title='bbox 1142 1927 1195 1992; x_wconf 94' lang='lat' dir='ltr'><strong>alii</strong></span> 
     </span>
     <span class='ocr_line' id='line_1_18' title="bbox 154 2028 1195 2113; baseline 0.003 -20"><span class='ocrx_word' id='word_1_135' title='bbox 154 2034 274 2113; x_wconf 86' lang='lat' dir='ltr'><strong>grates:</strong></span> <span class='ocrx_word' id='word_1_136' title='bbox 294 2028 383 2093; x_wconf 77' lang='lat' dir='ltr'><strong>&#39;siluit</strong></span> <span class='ocrx_word' id='word_1_137' title='bbox 406 2028 565 2108; x_wconf 89' lang='lat' dir='ltr'><strong>Hortalus,</strong></span> <span class='ocrx_word' id='word_1_138' title='bbox 589 2047 707 2111; x_wconf 89' lang='lat' dir='ltr'><strong>pavore</strong></span> <span class='ocrx_word' id='word_1_139' title='bbox 726 2048 768 2091; x_wconf 90' lang='lat' dir='ltr'><strong>an</strong></span> <span class='ocrx_word' id='word_1_140' title='bbox 789 2028 894 2093; x_wconf 91' lang='lat' dir='ltr'><strong>avitae</strong></span> <span class='ocrx_word' id='word_1_141' title='bbox 910 2029 1086 2096; x_wconf 88' lang='lat' dir='ltr'><strong>nobilitatis</strong></span> <span class='ocrx_word' id='word_1_142' title='bbox 1101 2032 1195 2096; x_wconf 87' lang='lat' dir='ltr'><strong>etiam</strong></span> 
     </span>
     <span class='ocr_line' id='line_1_19' title="bbox 154 2131 1196 2216; baseline 0.005 -20"><span class='ocrx_word' id='word_1_143' title='bbox 154 2133 236 2197; x_wconf 89' lang='lat' dir='ltr'><strong>inter</strong></span> <span class='ocrx_word' id='word_1_144' title='bbox 266 2132 430 2216; x_wconf 87' lang='lat' dir='ltr'><strong>angustias</strong></span> <span class='ocrx_word' id='word_1_145' title='bbox 460 2131 605 2196; x_wconf 85' lang='lat' dir='ltr'><strong>fortunae</strong></span> <span class='ocrx_word' id='word_1_146' title='bbox 634 2132 783 2197; x_wconf 90' lang='lat' dir='ltr'><strong>retinens.</strong></span> <span class='ocrx_word' id='word_1_147' title='bbox 829 2152 932 2214; x_wconf 89' lang='lat' dir='ltr'><strong>neque</strong></span> <span class='ocrx_word' id='word_1_148' title='bbox 959 2133 1127 2200; x_wconf 87' lang='lat' dir='ltr'><strong>miseratus</strong></span> <span class='ocrx_word' id='word_1_149' title='bbox 1149 2142 1196 2201; x_wconf 91' lang='lat' dir='ltr'><strong>est</strong></span> 
     </span>
     <span class='ocr_line' id='line_1_20' title="bbox 154 2235 1195 2322; baseline 0.003 -21"><span class='ocrx_word' id='word_1_150' title='bbox 154 2236 287 2320; x_wconf 89' lang='lat' dir='ltr'><strong>posthac</strong></span> <span class='ocrx_word' id='word_1_151' title='bbox 314 2236 469 2316; x_wconf 88' lang='lat' dir='ltr'><strong>Tiberius,</strong></span> <span class='ocrx_word' id='word_1_152' title='bbox 501 2235 648 2317; x_wconf 90' lang='lat' dir='ltr'><strong>quamvis</strong></span> <span class='ocrx_word' id='word_1_153' title='bbox 678 2235 790 2301; x_wconf 89' lang='lat' dir='ltr'><strong>domus</strong></span> <span class='ocrx_word' id='word_1_154' title='bbox 820 2236 982 2302; x_wconf 89' lang='lat' dir='ltr'><strong>Hortensii</strong></span> <span class='ocrx_word' id='word_1_155' title='bbox 1011 2237 1195 2322; x_wconf 90' lang='lat' dir='ltr'><strong>pudendam</strong></span> 
     </span>
     <span class='ocr_line' id='line_1_21' title="bbox 154 2339 591 2425; baseline -0.005 -20"><span class='ocrx_word' id='word_1_156' title='bbox 154 2341 196 2405; x_wconf 90' lang='lat' dir='ltr'><strong>ad</strong></span> <span class='ocrx_word' id='word_1_157' title='bbox 219 2341 359 2425; x_wconf 91' lang='lat' dir='ltr'><strong>inopiam</strong></span> <span class='ocrx_word' id='word_1_158' title='bbox 382 2339 591 2404; x_wconf 90' lang='lat' dir='ltr'><strong>delaberetur.</strong></span> 
     </span>
    </p>

    <p class='ocr_par' dir='ltr' id='par_1_3' title="bbox 156 2443 1197 3986">
     <span class='ocr_line' id='line_1_22' title="bbox 242 2443 1195 2527; baseline 0.004 -20"><span class='ocrx_word' id='word_1_159' title='bbox 242 2444 292 2507; x_wconf 83' lang='lat'><strong>39.</strong></span> <span class='ocrx_word' id='word_1_160' title='bbox 317 2443 437 2507; x_wconf 85' lang='lat' dir='ltr'><strong>Eodem</strong></span> <span class='ocrx_word' id='word_1_161' title='bbox 460 2464 544 2507; x_wconf 91' lang='lat' dir='ltr'><strong>anno</strong></span> <span class='ocrx_word' id='word_1_162' title='bbox 567 2443 718 2527; x_wconf 90' lang='lat' dir='ltr'><strong>mancipii</strong></span> <span class='ocrx_word' id='word_1_163' title='bbox 741 2444 834 2508; x_wconf 91' lang='lat' dir='ltr'><strong>unius</strong></span> <span class='ocrx_word' id='word_1_164' title='bbox 857 2443 1001 2526; x_wconf 88' lang='lat' dir='ltr'><strong>audacia,</strong></span> <span class='ocrx_word' id='word_1_165' title='bbox 1025 2446 1195 2511; x_wconf 88' lang='lat' dir='ltr'><strong>nimature</strong></span> 
     </span>
     <span class='ocr_line' id='line_1_23' title="bbox 156 2546 1196 2635; baseline 0.001 -22"><span class='ocrx_word' id='word_1_166' title='bbox 156 2549 346 2613; x_wconf 77' lang='lat' dir='ltr'><strong>subventum</strong></span> <span class='ocrx_word' id='word_1_167' title='bbox 369 2547 459 2627; x_wconf 87' lang='lat' dir='ltr'><strong>foret,</strong></span> <span class='ocrx_word' id='word_1_168' title='bbox 484 2546 650 2612; x_wconf 87' lang='lat' dir='ltr'><strong>discordiis</strong></span> <span class='ocrx_word' id='word_1_169' title='bbox 672 2548 832 2630; x_wconf 89' lang='lat' dir='ltr'><strong>armisque</strong></span> <span class='ocrx_word' id='word_1_170' title='bbox 852 2548 999 2614; x_wconf 89' lang='lat' dir='ltr'><strong>civilibus</strong></span> <span class='ocrx_word' id='word_1_171' title='bbox 1014 2570 1082 2614; x_wconf 90' lang='lat' dir='ltr'><strong>rem</strong></span> <span class='ocrx_word' id='word_1_172' title='bbox 1097 2551 1196 2635; x_wconf 93' lang='lat' dir='ltr'><strong>publi-</strong></span> 
     </span>
     <span class='ocr_line' id='line_1_24' title="bbox 156 2650 1195 2737; baseline 0.001 -20"><span class='ocrx_word' id='word_1_173' title='bbox 156 2674 225 2717; x_wconf 88' lang='lat' dir='ltr'><strong>cam</strong></span> <span class='ocrx_word' id='word_1_174' title='bbox 253 2652 446 2737; x_wconf 90' lang='lat' dir='ltr'><strong>perculisset.</strong></span> <span class='ocrx_word' id='word_1_175' title='bbox 485 2652 626 2715; x_wconf 91' lang='lat' dir='ltr'><strong>Postumi</strong></span> <span class='ocrx_word' id='word_1_176' title='bbox 650 2650 814 2735; x_wconf 86' lang='lat' dir='ltr'><strong>Agrippae</strong></span> <span class='ocrx_word' id='word_1_177' title='bbox 838 2672 959 2734; x_wconf 87' lang='lat' dir='ltr'><strong>servus,</strong></span> <span class='ocrx_word' id='word_1_178' title='bbox 983 2654 1112 2720; x_wconf 90' lang='lat' dir='ltr'><strong>nemine</strong></span> <span class='ocrx_word' id='word_1_179' title='bbox 1129 2655 1195 2720; x_wconf 84' lang='lat' dir='ltr'><strong>Cle-</strong></span> 
     </span>
     <span class='ocr_line' id='line_1_25' title="bbox 156 2754 1194 2839; baseline 0.004 -21"><span class='ocrx_word' id='word_1_180' title='bbox 156 2777 255 2837; x_wconf 84' lang='lat' dir='ltr'><strong>mens,</strong></span> <span class='ocrx_word' id='word_1_181' title='bbox 288 2762 437 2839; x_wconf 90' lang='lat' dir='ltr'><strong>conperte</strong></span> <span class='ocrx_word' id='word_1_182' title='bbox 465 2754 529 2819; x_wconf 88' lang='lat' dir='ltr'><strong>fine</strong></span> <span class='ocrx_word' id='word_1_183' title='bbox 552 2754 688 2837; x_wconf 81' lang='lat' dir='ltr'><strong>Augusti</strong></span> <span class='ocrx_word' id='word_1_184' title='bbox 711 2775 845 2839; x_wconf 86' lang='lat' dir='ltr'><strong>pergere</strong></span> <span class='ocrx_word' id='word_1_185' title='bbox 868 2756 902 2819; x_wconf 93' lang='lat' dir='ltr'><strong>in</strong></span> <span class='ocrx_word' id='word_1_186' title='bbox 924 2756 1061 2821; x_wconf 89' lang='lat' dir='ltr'><strong>insulam</strong></span> <span class='ocrx_word' id='word_1_187' title='bbox 1083 2758 1194 2822; x_wconf 86' lang='lat' dir='ltr'><strong>Plana-</strong></span> 
     </span>
     <span class='ocr_line' id='line_1_26' title="bbox 156 2858 1196 2943; baseline 0.003 -20"><span class='ocrx_word' id='word_1_188' title='bbox 156 2861 234 2923; x_wconf 90' lang='lat' dir='ltr'><strong>siam</strong></span> <span class='ocrx_word' id='word_1_189' title='bbox 259 2865 289 2922; x_wconf 89' lang='lat' dir='ltr'><strong>et</strong></span> <span class='ocrx_word' id='word_1_190' title='bbox 316 2858 428 2923; x_wconf 89' lang='lat' dir='ltr'><strong>fraude</strong></span> <span class='ocrx_word' id='word_1_191' title='bbox 455 2865 509 2922; x_wconf 90' lang='lat' dir='ltr'><strong>aut</strong></span> <span class='ocrx_word' id='word_1_192' title='bbox 532 2859 564 2922; x_wconf 88' lang='lat' dir='ltr'><strong>vi</strong></span> <span class='ocrx_word' id='word_1_193' title='bbox 592 2865 716 2942; x_wconf 89' lang='lat' dir='ltr'><strong>raptum</strong></span> <span class='ocrx_word' id='word_1_194' title='bbox 738 2859 913 2943; x_wconf 86' lang='lat' dir='ltr'><strong>Agrippam</strong></span> <span class='ocrx_word' id='word_1_195' title='bbox 936 2859 1020 2926; x_wconf 85' lang='lat' dir='ltr'><strong>ferre</strong></span> <span class='ocrx_word' id='word_1_196' title='bbox 1042 2860 1084 2925; x_wconf 88' lang='lat' dir='ltr'><strong>ad</strong></span> <span class='ocrx_word' id='word_1_197' title='bbox 1108 2882 1196 2926; x_wconf 83' lang='lat' dir='ltr'><strong>exer·</strong></span> 
     </span>
     <span class='ocr_line' id='line_1_27' title="bbox 156 2962 1196 3048; baseline 0.005 -22"><span class='ocrx_word' id='word_1_198' title='bbox 156 2963 236 3026; x_wconf 87' lang='lat' dir='ltr'><strong>citus</strong></span> <span class='ocrx_word' id='word_1_199' title='bbox 260 2962 465 3027; x_wconf 84' lang='lat' dir='ltr'><strong>Germanicos</strong></span> <span class='ocrx_word' id='word_1_200' title='bbox 488 2983 550 3026; x_wconf 94' lang='lat' dir='ltr'><strong>non</strong></span> <span class='ocrx_word' id='word_1_201' title='bbox 574 2962 680 3027; x_wconf 89' lang='lat' dir='ltr'><strong>servili</strong></span> <span class='ocrx_word' id='word_1_202' title='bbox 703 2963 810 3027; x_wconf 91' lang='lat' dir='ltr'><strong>animo</strong></span> <span class='ocrx_word' id='word_1_203' title='bbox 832 2963 987 3048; x_wconf 90' lang='lat' dir='ltr'><strong>concepit.</strong></span> <span class='ocrx_word' id='word_1_204' title='bbox 1025 2984 1105 3030; x_wconf 89' lang='lat' dir='ltr'><strong>ausa</strong></span> <span class='ocrx_word' id='word_1_205' title='bbox 1128 2966 1196 3031; x_wconf 89' lang='lat' dir='ltr'><strong>eius</strong></span> 
     </span>
     <span class='ocr_line' id='line_1_28' title="bbox 156 3064 1197 3153; baseline 0.005 -24"><span class='ocrx_word' id='word_1_206' title='bbox 156 3064 311 3149; x_wconf 85' lang='lat' dir='ltr'><strong>inpedivit</strong></span> <span class='ocrx_word' id='word_1_207' title='bbox 334 3065 464 3130; x_wconf 87' lang='lat' dir='ltr'><strong>tarditas</strong></span> <span class='ocrx_word' id='word_1_208' title='bbox 487 3066 651 3130; x_wconf 90' lang='lat' dir='ltr'><strong>onerariae</strong></span> <span class='ocrx_word' id='word_1_209' title='bbox 674 3066 779 3150; x_wconf 73' lang='lat' dir='ltr'><strong>navia,</strong></span> <span class='ocrx_word' id='word_1_210' title='bbox 803 3073 899 3148; x_wconf 90' lang='lat' dir='ltr'><strong>atque</strong></span> <span class='ocrx_word' id='word_1_211' title='bbox 922 3068 1048 3132; x_wconf 91' lang='lat' dir='ltr'><strong>interim</strong></span> <span class='ocrx_word' id='word_1_212' title='bbox 1071 3075 1197 3153; x_wconf 87' lang='lat' dir='ltr'><strong>patrata</strong></span> 
     </span>
     <span class='ocr_line' id='line_1_29' title="bbox 157 3168 1197 3254; baseline 0.003 -20"><span class='ocrx_word' id='word_1_213' title='bbox 157 3168 254 3234; x_wconf 88' lang='lat' dir='ltr'><strong>caede</strong></span> <span class='ocrx_word' id='word_1_214' title='bbox 281 3168 324 3232; x_wconf 93' lang='lat' dir='ltr'><strong>ad</strong></span> <span class='ocrx_word' id='word_1_215' title='bbox 351 3171 469 3233; x_wconf 86' lang='lat' dir='ltr'><strong>maiora</strong></span> <span class='ocrx_word' id='word_1_216' title='bbox 492 3177 523 3234; x_wconf 89' lang='lat' dir='ltr'><strong>ct</strong></span> <span class='ocrx_word' id='word_1_217' title='bbox 546 3171 648 3254; x_wconf 88' lang='lat' dir='ltr'><strong>magis</strong></span> <span class='ocrx_word' id='word_1_218' title='bbox 671 3171 857 3254; x_wconf 89' lang='lat' dir='ltr'><strong>praecipitia</strong></span> <span class='ocrx_word' id='word_1_219' title='bbox 880 3191 1052 3238; x_wconf 88' lang='lat' dir='ltr'><strong>conversus</strong></span> <span class='ocrx_word' id='word_1_220' title='bbox 1074 3172 1197 3239; x_wconf 85' lang='lat' dir='ltr'><strong>furatur</strong></span> 
     </span>
     <span class='ocr_line' id='line_1_30' title="bbox 157 3274 1196 3360; baseline 0.003 -21"><span class='ocrx_word' id='word_1_221' title='bbox 157 3276 279 3339; x_wconf 90' lang='lat' dir='ltr'><strong>cineres</strong></span> <span class='ocrx_word' id='word_1_222' title='bbox 303 3279 476 3355; x_wconf 84' lang='lat' dir='ltr'><strong>vectusque</strong></span> <span class='ocrx_word' id='word_1_223' title='bbox 500 3275 613 3339; x_wconf 79' lang='lat' dir='ltr'><strong>Cosam</strong></span> <span class='ocrx_word' id='word_1_224' title='bbox 636 3274 781 3338; x_wconf 86' lang='lat' dir='ltr'><strong>Etruriae</strong></span> <span class='ocrx_word' id='word_1_225' title='bbox 804 3277 1055 3359; x_wconf 91' lang='lat' dir='ltr'><strong>promunturium</strong></span> <span class='ocrx_word' id='word_1_226' title='bbox 1079 3277 1196 3360; x_wconf 91' lang='lat' dir='ltr'><strong>ignotis</strong></span> 
     </span>
     <span class='ocr_line' id='line_1_31' title="bbox 156 3376 1194 3464; baseline 0.002 -22"><span class='ocrx_word' id='word_1_227' title='bbox 156 3379 233 3443; x_wconf 86' lang='lat' dir='ltr'><strong>locis</strong></span> <span class='ocrx_word' id='word_1_228' title='bbox 263 3397 333 3442; x_wconf 89' lang='lat' dir='ltr'><strong>sese</strong></span> <span class='ocrx_word' id='word_1_229' title='bbox 364 3376 463 3456; x_wconf 88' lang='lat' dir='ltr'><strong>abdit,</strong></span> <span class='ocrx_word' id='word_1_230' title='bbox 494 3377 596 3442; x_wconf 91' lang='lat' dir='ltr'><strong>donee</strong></span> <span class='ocrx_word' id='word_1_231' title='bbox 623 3378 742 3442; x_wconf 89' lang='lat' dir='ltr'><strong>crinem</strong></span> <span class='ocrx_word' id='word_1_232' title='bbox 765 3379 961 3461; x_wconf 90' lang='lat' dir='ltr'><strong>barbamque</strong></span> <span class='ocrx_word' id='word_1_233' title='bbox 983 3381 1194 3464; x_wconf 89' lang='lat' dir='ltr'><strong>promitteret:</strong></span> 
     </span>
     <span class='ocr_line' id='line_1_32' title="bbox 156 3480 1195 3550; baseline 0.004 -5"><span class='ocrx_word' id='word_1_234' title='bbox 156 3502 231 3545; x_wconf 91' lang='lat' dir='ltr'><strong>nam</strong></span> <span class='ocrx_word' id='word_1_235' title='bbox 261 3487 366 3545; x_wconf 87' lang='lat' dir='ltr'><strong>aetate</strong></span> <span class='ocrx_word' id='word_1_236' title='bbox 398 3487 429 3544; x_wconf 92' lang='lat' dir='ltr'><strong>et</strong></span> <span class='ocrx_word' id='word_1_237' title='bbox 458 3480 560 3545; x_wconf 83' lang='lat' dir='ltr'><strong>forma</strong></span> <span class='ocrx_word' id='word_1_238' title='bbox 591 3481 667 3545; x_wconf 92' lang='lat' dir='ltr'><strong>haut</strong></span> <span class='ocrx_word' id='word_1_239' title='bbox 694 3480 838 3546; x_wconf 89' lang='lat' dir='ltr'><strong>dissimili</strong></span> <span class='ocrx_word' id='word_1_240' title='bbox 865 3483 899 3546; x_wconf 93' lang='lat' dir='ltr'><strong>in</strong></span> <span class='ocrx_word' id='word_1_241' title='bbox 926 3482 1091 3549; x_wconf 90' lang='lat' dir='ltr'><strong>dominum</strong></span> <span class='ocrx_word' id='word_1_242' title='bbox 1118 3491 1195 3550; x_wconf 89' lang='lat' dir='ltr'><strong>erat.</strong></span> 
     </span>
     <span class='ocr_line' id='line_1_33' title="bbox 156 3584 1196 3668; baseline 0.005 -19"><span class='ocrx_word' id='word_1_243' title='bbox 156 3593 224 3649; x_wconf 92' lang='lat' dir='ltr'><strong>tum</strong></span> <span class='ocrx_word' id='word_1_244' title='bbox 251 3606 307 3668; x_wconf 91' lang='lat' dir='ltr'><strong>per</strong></span> <span class='ocrx_word' id='word_1_245' title='bbox 336 3584 466 3649; x_wconf 87' lang='lat' dir='ltr'><strong>idoneos</strong></span> <span class='ocrx_word' id='word_1_246' title='bbox 490 3592 520 3648; x_wconf 90' lang='lat' dir='ltr'><strong>et</strong></span> <span class='ocrx_word' id='word_1_247' title='bbox 544 3587 656 3650; x_wconf 89' lang='lat' dir='ltr'><strong>secreti</strong></span> <span class='ocrx_word' id='word_1_248' title='bbox 680 3586 747 3651; x_wconf 89' lang='lat' dir='ltr'><strong>eius</strong></span> <span class='ocrx_word' id='word_1_249' title='bbox 771 3586 872 3651; x_wconf 88' lang='lat' dir='ltr'><strong>socios</strong></span> <span class='ocrx_word' id='word_1_250' title='bbox 895 3588 1065 3653; x_wconf 87' lang='lat' dir='ltr'><strong>crebrescit</strong></span> <span class='ocrx_word' id='word_1_251' title='bbox 1087 3589 1196 3654; x_wconf 87' lang='lat' dir='ltr'><strong>vivere</strong></span> 
     </span>
     <span class='ocr_line' id='line_1_34' title="bbox 157 3688 1196 3774; baseline 0.004 -21"><span class='ocrx_word' id='word_1_252' title='bbox 157 3689 342 3772; x_wconf 83' lang='lat' dir='ltr'><strong>Agrippam,</strong></span> <span class='ocrx_word' id='word_1_253' title='bbox 366 3688 496 3754; x_wconf 90' lang='lat' dir='ltr'><strong>occultis</strong></span> <span class='ocrx_word' id='word_1_254' title='bbox 519 3689 653 3772; x_wconf 92' lang='lat' dir='ltr'><strong>primum</strong></span> <span class='ocrx_word' id='word_1_255' title='bbox 677 3691 884 3771; x_wconf 90' lang='lat' dir='ltr'><strong>sermonibus,</strong></span> <span class='ocrx_word' id='word_1_256' title='bbox 908 3697 943 3755; x_wconf 91' lang='lat' dir='ltr'><strong>ut</strong></span> <span class='ocrx_word' id='word_1_257' title='bbox 966 3692 1065 3756; x_wconf 90' lang='lat' dir='ltr'><strong>vetita</strong></span> <span class='ocrx_word' id='word_1_258' title='bbox 1084 3693 1196 3774; x_wconf 89' lang='lat' dir='ltr'><strong>solent,</strong></span> 
     </span>
     <span class='ocr_line' id='line_1_35' title="bbox 158 3792 1197 3882; baseline 0.007 -27"><span class='ocrx_word' id='word_1_259' title='bbox 158 3813 232 3856; x_wconf 88' lang='lat' dir='ltr'><strong>mex</strong></span> <span class='ocrx_word' id='word_1_260' title='bbox 259 3811 341 3875; x_wconf 84' lang='lat' dir='ltr'><strong>vago</strong></span> <span class='ocrx_word' id='word_1_261' title='bbox 367 3812 490 3856; x_wconf 90' lang='lat' dir='ltr'><strong>rumore</strong></span> <span class='ocrx_word' id='word_1_262' title='bbox 513 3792 598 3876; x_wconf 88' lang='lat' dir='ltr'><strong>apud</strong></span> <span class='ocrx_word' id='word_1_263' title='bbox 621 3793 838 3877; x_wconf 89' lang='lat' dir='ltr'><strong>inperitissimi</strong></span> <span class='ocrx_word' id='word_1_264' title='bbox 861 3794 1011 3878; x_wconf 87' lang='lat' dir='ltr'><strong>cuiusque</strong></span> <span class='ocrx_word' id='word_1_265' title='bbox 1035 3803 1197 3882; x_wconf 83' lang='lat' dir='ltr'><strong>promptas</strong></span> 
     </span>
     <span class='ocr_line' id='line_1_36' title="bbox 157 3896 1194 3986; baseline 0.005 -26"><span class='ocrx_word' id='word_1_266' title='bbox 157 3916 250 3960; x_wconf 88' lang='lat' dir='ltr'><strong>aures</strong></span> <span class='ocrx_word' id='word_1_267' title='bbox 279 3901 334 3959; x_wconf 93' lang='lat' dir='ltr'><strong>aut</strong></span> <span class='ocrx_word' id='word_1_268' title='bbox 364 3916 486 3960; x_wconf 92' lang='lat' dir='ltr'><strong>rursum</strong></span> <span class='ocrx_word' id='word_1_269' title='bbox 517 3896 602 3981; x_wconf 92' lang='lat' dir='ltr'><strong>apud</strong></span> <span class='ocrx_word' id='word_1_270' title='bbox 626 3897 768 3963; x_wconf 90' lang='lat' dir='ltr'><strong>turbidos</strong></span> <span class='ocrx_word' id='word_1_271' title='bbox 792 3918 892 3981; x_wconf 91' lang='lat' dir='ltr'><strong>eoque</strong></span> <span class='ocrx_word' id='word_1_272' title='bbox 914 3919 999 3964; x_wconf 89' lang='lat' dir='ltr'><strong>nova</strong></span> <span class='ocrx_word' id='word_1_273' title='bbox 1021 3902 1194 3986; x_wconf 88' lang='lat' dir='ltr'><strong>cupientes.</strong></span> 
     </span>
    </p>
   </div>
   <div class='ocr_carea' id='block_1_3' title="bbox 0 0 1390 4214">
    <p class='ocr_par' dir='ltr' id='par_1_4' title="bbox 0 0 1390 4214">
     <span class='ocr_line' id='line_1_37' title="bbox 0 0 1390 4214; baseline 0 0"><span class='ocrx_word' id='word_1_274' title='bbox 0 0 1390 4214; x_wconf 95' lang='lat' dir='ltr'><strong> </strong></span> 
     </span>
    </p>
   </div>
  </div>
 </body>
</html>
