2760 4214
167 161 230 225 140
402 177 452 230 Ab
471 192 587 232 excessu
603 178 637 231 D.
650 177 776 247 Augusti
795 179 836 234 IV
854 181 965 236 32-35.

164 351 324 432 1111110110,
357 351 613 435 expugnationes
635 352 769 432 urbium,
797 351 884 417 fusos
907 358 1079 435 captosque
1101 372 1206 437 reges,

164 457 268 521 01101
291 456 417 537 quando
439 455 482 520 ad
503 457 628 522 interna
654 463 900 540 praeverterent,
931 455 1105 522 discordias
1135 476 1208 522 con·

165 560 268 626 sulum
290 560 458 625 adversum
475 561 626 642 tribunos,
650 561 790 644 agrarias
806 560 1091 642 frumentariasque
1105 560 1205 644 leges,

165 664 267 748 plebis
297 671 329 729 et
358 664 555 748 optimatium
587 665 759 729 certamina
781 665 880 729 libero
903 683 1030 747 egressu
1054 683 1207 729 memora-

166 768 257 833 bant:
289 767 382 832 nobis
411 768 445 832 in
475 774 543 832 arto
568 774 599 832 et
621 768 772 852 inglorius
795 769 897 852 labor;
928 769 1057 833 immota
1086 768 1208 853 quippe

165 877 221 935 aut
243 869 366 935 modice
389 871 537 936 lacessita
558 892 633 955 pax,
657 878 798 937 maestae
821 872 908 938 urbis
930 892 982 937 res
1004 878 1037 937 01
1058 871 1208 956 princeps

166 973 346 1058 proferendi
375 975 487 1058 imperi
517 975 694 1040 incuriosus
723 981 799 1041 erat.
838 995 902 1040 non
925 981 1032 1040 tamen
1054 975 1124 1041 01110
1147 995 1207 1041 101

63 1076 65 1080 ’
167 1079 262 1143 110111
285 1079 489 1163 introspicere
512 1080 567 1144 illa
588 1080 689 1164 primo
711 1086 843 1164 aspectu
866 1079 960 1160 levia,
985 1101 1026 1145 ex
1049 1078 1120 1162 quis
1143 1100 1208 1144 ma-

166 1203 300 1266 gnarum
321 1202 416 1266 saepe
438 1203 542 1247 rerum
564 1190 669 1250 motus
690 1184 840 1248 oriuntur.

254 1286 304 1350 33.
328 1287 412 1350 Nam
435 1293 565 1352 cunctas
587 1288 734 1352 nationes
757 1295 788 1352 et
811 1288 904 1354 urbes
927 1289 1061 1372 populus
1076 1295 1131 1353 aut
1146 1287 1207 1373 pri-

166 1410 270 1455 mores
292 1396 348 1454 aut
370 1391 486 1473 singuli
509 1398 636 1474 regunt:
668 1390 791 1456 delecta
822 1412 862 1456 ex
893 1392 933 1456 iis
964 1399 995 1457 et
1025 1393 1207 1458 consociata

167 1495 213 1559 rei
235 1494 381 1579 publicae
403 1494 506 1558 forma
527 1494 649 1559 laudari
671 1495 795 1561 facilius
818 1517 913 1579 quam
936 1497 1073 1578 evenire,
1103 1496 1156 1560 vel
1179 1497 1207 1561 si

168 1599 284 1679 evenit,
319 1597 405 1662 haud
428 1597 574 1663 diuturna
599 1619 668 1665 esse
691 1607 803 1684 potest.
842 1600 938 1684 igitur
959 1607 994 1664 ut
1016 1600 1090 1664 olim
1112 1600 1208 1683 plebe

168 1702 285 1782 valida,
308 1702 359 1766 vel
383 1722 453 1766 curn
476 1709 582 1786 patres
605 1704 768 1786 pollerent,
800 1703 961 1769 noscenda
981 1703 1070 1787 vulgi
1092 1710 1208 1768 natura

169 1812 201 1870 et
230 1806 345 1888 quibus
375 1805 477 1870 modis
507 1812 720 1889 temperanter
749 1806 928 1889 haberetur,
959 1812 1152 1888 senatusque
1176 1813 1209 1871 01

168 1909 367 1993 optimatium
400 1909 529 1992 ingenia
563 1911 617 1991 qui
650 1911 789 1974 maxime
823 1910 1065 1994 perdidicerant‚
1101 1909 1208 1974 callidi

168 2019 343 2097 temporum
367 2018 399 2077 01
421 2013 582 2096 0001011100
612 2013 830 2095 credebantur,
862 2014 908 2079 sic
938 2033 1091 2080 converso
1121 2020 1208 2079 statu

168 2137 271 2198 neque
300 2116 364 2180 alia
393 2136 427 2180 10
449 2117 602 2207 Romana,
633 2136 728 2199 quam
758 2117 785 2181 si
814 2137 896 2182 unus
926 2117 1095 2201 imperitet,
1125 2116 1207 2181 hacc

168 2220 310 2302 conquiri
341 2219 485 2301 tradique
515 2220 548 2285 in
578 2240 644 2285 rem
674 2220 779 2301 fuerit,
811 2221 885 2302 quia
914 2221 1007 2305 pauci
1036 2219 1208 2304 prudentia

168 2325 302 2391 honesta
317 2325 357 2388 ab
374 2324 591 2404 deterioribus,
607 2324 696 2388 utilia
712 2326 752 2390 ab
769 2324 874 2389 noxiis
891 2323 1083 2404 discernunt,
1099 2324 1206 2407 plures

167 2430 299 2494 aliorum
324 2429 446 2494 eventis
468 2428 629 2493 docentur.
658 2435 796 2493 ceterum
811 2435 846 2492 ut
862 2428 1033 2511 profutura,
1056 2428 1102 2491 ita
1117 2428 1207 2491 mini-

167 2554 253 2597 mum
269 2532 487 2597 oblectationis
502 2530 659 2596 adferunt.
683 2553 758 2595 narn
774 2531 851 2597 situs
866 2532 1018 2616 gentium,
1035 2531 1206 2596 varietates

168 2637 366 2721 proeliorum,
399 2637 474 2700 clari
504 2635 619 2700 ducum
643 2636 747 2700 exitus
769 2635 905 2700 retinent
927 2654 966 2700 ac
988 2634 1206 2718 redintegrant

168 2741 340 2824 legentium
363 2741 517 2805 animum:
550 2759 607 2804 nos
635 2759 731 2804 saeva
758 2740 855 2820 iussa,
886 2740 1052 2804 continuas
1080 2758 1207 2803 accusa-

168 2845 279 2924 tiones,
304 2845 434 2908 fallaces
456 2843 622 2924 amicitias,
653 2844 825 2928 perniciem
847 2844 1062 2909 innocentium
1086 2849 1117 2908 et
1140 2863 1207 2908 eas

169 2948 241 3013 dem
265 2947 355 3012 exitii
378 2966 490 3011 causas
513 2946 741 3028 coniungimus,
765 2947 860 3012 obvia
882 2967 986 3011 rerum
1001 2945 1207 3012 similitudine

170 3060 201 3116 01
227 3051 382 3116 satietate.
421 3057 489 3114 tum
519 3049 603 3131 quod
632 3051 771 3131 antiquis
802 3051 1006 3133 scriptoribus
1036 3069 1125 3115 rarus
1154 3051 1207 3115 cb-

169 3161 326 3235 trectator,
361 3174 465 3235 neque
498 3153 595 3219 refert
624 3155 808 3236 cuiusquam
838 3155 975 3219 Punicas
1005 3155 1208 3220 Romanasne

169 3260 255 3324 acies
277 3258 389 3323 laetius
413 3258 575 3323 extuleris:
600 3265 633 3322 at
656 3259 833 3338 multorum,
858 3257 911 3340 qui
926 3257 1053 3323 Tiberio
1076 3263 1208 3341 regente

169 3384 303 3449 poenam
338 3363 388 3427 vel
422 3362 571 3427 infamias
605 3361 740 3442 subiere,
778 3361 896 3445 posteri
932 3366 1071 3442 manent,
1110 3367 1208 3443 utque

170 3468 309 3532 familiae
331 3469 421 3552 ipsae
444 3468 506 3530 iarn
531 3467 691 3531 extinctae
713 3466 786 3546 sint,
810 3466 949 3549 reperies
973 3465 1027 3548 qui
1045 3466 1086 3530 ob
1103 3464 1208 3529 simili·

170 3570 312 3635 tudinem
342 3590 463 3636 morum
493 3570 599 3634 aliena
629 3569 798 3634 malefacta
825 3569 886 3634 sibi
909 3568 1062 3634 obiectari
1085 3574 1206 3653 putent.

170 3675 265 3739 etiam
287 3674 388 3757 gloria
410 3693 448 3737 ac
471 3672 570 3737 virtus
592 3673 736 3738 infensos
758 3672 864 3755 habet,
895 3678 930 3736 ut
959 3672 1054 3736 nimis
1077 3691 1118 3736 ex
1140 3691 1209 3755 pro

170 3777 289 3861 pinquo
313 3776 439 3841 diversa
462 3796 608 3860 arguens.
633 3776 690 3841 sed
713 3776 756 3840 ad
778 3776 939 3860 inceptum
962 3775 1066 3840 101100.
