2760 4214
432 184 457 221 a.
470 168 502 223 U.
516 183 538 220 e.
553 170 611 223 774.
637 184 663 236 p.
677 167 740 222 Chr.
753 170 795 224 21.
1073 151 1136 216 105

182 343 233 407 38.
257 343 330 408 Non
354 341 437 405 enirn
460 340 615 422 Tiberius,
639 361 703 406 non
719 347 918 407 accusatores
932 340 1135 406 fatiscebant.
1172 337 1295 392 mliii*

92 451 126 510 et
141 444 319 510 Ancharius
335 444 461 510 Priscus
478 444 626 510 Caesium
642 443 778 509 Cordum
801 413 1006 528 proconsule
1022 446 1136 511 Cretae
1181 409 1284 546 ,iffi

94 549 311 633 postulaverat
333 547 527 631 repetundis,
551 547 661 614 addito
684 548 860 612 maiestatis
884 548 1024 628 crimine,
1052 547 1137 630 quod
1154 563 1179 607 ru
1194 563 1309 617 structa,

94 658 163 716 tum
186 652 326 717 omnium
349 653 589 740 accusationum
612 653 879 735 complementum
903 657 979 715 erat.
1019 652 1137 717 Caesar

95 755 269 820 Antistium
284 756 433 820 Veterem
456 775 473 819 e
497 755 687 839 primoribus
709 752 926 835 Macedoniae,
957 755 1137 819 absolutum

93 857 251 941 adulterii,
274 859 438 944 increpitis
461 858 618 924 iudicibus
633 858 676 923 ad
692 859 861 924 dicendam
876 859 1051 924 maiestatis
1067 878 1137 923 cau·

95 981 164 1026 sam
186 963 329 1044 retraxit,
352 970 387 1028 ut
410 962 571 1028 turbidum
593 969 625 1028 et
640 962 886 1047 Rhescuporidis
909 962 1047 1027 consiliis
1070 982 1138 1046 per-

96 1066 241 1147 mixtum,
265 1087 328 1149 qua
350 1072 539 1151 tempestate
563 1067 665 1149 cotye
690 1065 806 1154 [fratre]
830 1065 997 1130 interfecto
1019 1066 1138 1130 bellum

96 1168 249 1235 adversus
279 1190 337 1236 nos
366 1170 518 1235 volverat.
557 1170 653 1254 igitur
680 1190 764 1251 aqua
791 1175 823 1234 et
844 1170 912 1252 igni
934 1167 1137 1233 interdictum

96 1292 150 1339 reo
172 1272 416 1358 adpositumque
440 1280 475 1339 ut
497 1280 658 1340 teneretur
680 1274 785 1338 insula
807 1293 911 1355 neque
930 1272 1137 1338 Macedoniae

96 1396 200 1459 neque
215 1377 391 1443 Thraeciae
414 1385 601 1463 opportuna.
626 1399 702 1443 nam
716 1377 873 1444 Thraecia
888 1376 990 1442 diviso
1005 1377 1137 1461 imperio

25 1519 26 1522 =
96 1480 130 1544 in
160 1481 406 1547 Rhoemetalcen
438 1488 469 1548 et
499 1482 615 1548 hbcros
638 1482 758 1565 Cotyis,
794 1481 864 1564 quis
898 1481 938 1546 ob
968 1480 1138 1544 infantiam

96 1590 179 1650 tutor
213 1593 281 1651 erat
309 1586 516 1652 Trebellenus
547 1587 659 1667 Rufus,
689 1586 860 1652 insolentia
889 1584 988 1650 nostri
1018 1584 1138 1649 discors

95 1689 214 1772 agebat
243 1710 347 1772 neque
377 1690 482 1755 minus
512 1689 759 1756 Rhoemetalcen
790 1710 886 1772 quam
915 1689 1137 1753 Thebellenum

94 1793 245 1859 incusans
274 1795 474 1879 popularium
503 1794 635 1860 iniurias
661 1795 778 1860 inultas
804 1793 917 1860 sinere.
957 1792 1137 1859 Coelaletae

96 1895 301 1980 Odrusaeque
331 1904 363 1962 et
384 1899 448 1980 Dii,
479 1897 604 1963 validae
631 1898 787 1979 nationes,
819 1918 908 1962 arma
931 1916 1052 1981 cepere,
1084 1894 1138 1960 du-

96 2000 185 2067 cibus
206 2001 343 2068 diversis
365 2008 397 2067 et
419 2002 549 2087 paribus
564 2003 646 2067 inter
662 2021 697 2067 se
712 2023 770 2086 per
784 2001 1030 2086 ignobilitatem
1054 2019 1137 2081 quae

96 2123 194 2169 causa
217 2104 286 2186 fuit,
310 2126 352 2170 ne
375 2106 409 2171 in
430 2106 548 2171 bellum
564 2106 895 2172 atroxcoalescerent.
919 2125 992 2189 pars
1008 2105 1138 2169 turbant

95 2209 286 2291 praesentia,
310 2210 364 2274 alii
387 2216 525 2275 montem
548 2211 706 2274 Haemum
727 2208 1011 2293 transgrediuntur,
1035 2213 1070 2272 ut
1092 2226 1137 2271 re·

96 2318 202 2376 motos
231 2313 364 2397 populos
392 2315 568 2398 concirent;
599 2313 726 2396 plurimi
748 2333 787 2377 ac
809 2312 949 2377 maxime
972 2309 1136 2394 compositi

96 2433 204 2498 regem
238 2417 412 2499 urbemque
445 2417 700 2502 Philippopolim,
734 2437 755 2480 a
783 2414 958 2480 Macedone
989 2414 1136 2499 Philippo

97 2516 200 2600 sitam,
225 2519 460 2586 circumsidunt.

183 2621 233 2687 39.
258 2622 347 2699 Quae
369 2624 425 2689 ubi
448 2624 575 2708 cognita
594 2625 629 2688 P.
643 2625 772 2689 Vellaeo
795 2621 838 2708 (is
853 2621 1033 2713 proximum
1049 2641 1136 2686 exer·
1163 2681 1190 2734 b·
1201 2613 1302 2727 2¹:3⁰2th

98 2723 193 2789 citum
223 2727 451 2813 praesidebat),
481 2728 597 2792 alarios
628 2727 751 2810 equites
781 2746 818 2791 ac
847 2726 928 2791 levis
962 2725 1136 2789 cohortium
1164 2749 1301 2798 saturatus.

96 2828 191 2893 mittit
220 2829 255 2894 in
285 2850 349 2912 eos,
381 2832 434 2913 qui
457 2830 677 2916 praedabundi
704 2837 759 2895 aut
781 2827 986 2895 adsumendis
1009 2827 1137 2893 auxiliis

96 2933 305 3015 vagabantur,
322 2934 391 3018 ipse
407 2936 502 3000 robur
517 2934 660 3018 peditum
675 2933 718 2999 ad
733 2932 963 2999 exsolvendum
978 2931 1136 2998 obsidium

96 3032 190 3100 ducit.
230 3036 385 3120 simulque
408 3045 523 3103 cuncta
545 3057 694 3123 prospere
716 3044 799 3119 acta,
823 3037 925 3103 caesis
948 3035 1136 3120 populatori-

96 3139 156 3203 bus
179 3144 212 3204 et
235 3138 429 3206 dissensione
452 3148 521 3207 orta
543 3140 629 3225 apud
652 3139 834 3206 obsidentes
857 3140 1004 3223 regisque
1027 3159 1136 3223 oppor-

97 3246 174 3307 tuna
204 3243 367 3328 eruptione
397 3250 429 3309 et
459 3244 601 3310 adventu
630 3244 775 3327 legionis.
815 3263 919 3325 neque
948 3243 1050 3307 aciem
1081 3248 1136 3306 aut

96 3347 248 3430 proelium
270 3347 334 3413 dici
357 3347 508 3431 decuerit,
530 3349 564 3413 in
588 3369 650 3431 quo
670 3347 817 3413 semermi
831 3366 869 3411 ac
884 3346 1030 3431 palantes
1045 3345 1136 3410 truci·

96 3447 163 3514 dati
186 3456 259 3515 sunt
281 3451 350 3516 sine
373 3458 480 3518 nostro
504 3451 668 3536 sanguine.

183 3553 234 3618 40.
251 3554 372 3619 Eodem
387 3575 471 3621 anno
483 3556 656 3620 Galliarum
671 3554 816 3619 civitates
831 3555 871 3618 ob
884 3551 1136 3635 magnitudinem
1171 3546 1297 3660 ‘ima

97 3656 180 3722 aeris
209 3657 306 3723 alieni
335 3658 541 3724 rebellionem
570 3665 768 3742 coeptavere,
800 3657 889 3722 cuius
919 3655 1136 3721 exstimulator
1154 3683 1310 3737 emergam

96 3761 268 3827 acerrimus
299 3762 382 3829 inter
414 3764 569 3828 Treveros
603 3762 702 3827 Iulius
735 3762 856 3842 Florus,
891 3759 979 3845 apud
1008 3758 1136 3824 Aeduos
1212 3753 1256 3798 ‘¹¹¹⁰

96 3863 195 3929 Iulius
226 3865 381 3932 Sacrovir.
427 3866 577 3934 nobilitas
611 3865 771 3934 ambobus
804 3870 839 3931 et
868 3863 1038 3929 marorum
1058 3861 1164 3922 ‘oona
1177 3821 1304 3862 mm*
