<?xml version="1.0" encoding="UTF-8"?>
<!DOCTYPE html PUBLIC "-//W3C//DTD XHTML 1.0 Transitional//EN"
    "http://www.w3.org/TR/xhtml1/DTD/xhtml1-transitional.dtd">
<html xmlns="http://www.w3.org/1999/xhtml" xml:lang="en" lang="en">
 <head>
  <title>
</title>
<meta http-equiv="Content-Type" content="text/html;charset=utf-8" />
  <meta name='ocr-system' content='tesseract 3.04.00' />
  <meta name='ocr-capabilities' content='ocr_page ocr_carea ocr_par ocr_line ocrx_word'/>
</head>
<body>
  <div class='ocr_page' id='page_1' title='image "./annalen00tacigoog_0138.png"; bbox 0 0 2760 4214; ppageno 0'>
   <div class='ocr_carea' id='block_1_1' title="bbox 153 2105 270 2157">
    <p class='ocr_par' dir='ltr' id='par_1_1' title="bbox 153 2105 270 2157">
     <span class='ocr_line' id='line_1_1' title="bbox 153 2105 270 2157; baseline -0.009 -8"><span class='ocrx_word' id='word_1_1' title='bbox 153 2105 270 2157; x_wconf 68' lang='lat' dir='ltr'>actuum</span> 
     </span>
    </p>
   </div>
   <div class='ocr_carea' id='block_1_2' title="bbox 15 3836 175 3952">
    <p class='ocr_par' dir='ltr' id='par_1_2' title="bbox 15 3836 175 3952">
     <span class='ocr_line' id='line_1_2' title="bbox 15 3836 175 3952; baseline 0 0"><span class='ocrx_word' id='word_1_2' title='bbox 15 3836 175 3952; x_wconf 57' lang='lat' dir='ltr'>h</span> 
     </span>
    </p>
   </div>
   <div class='ocr_carea' id='block_1_3' title="bbox 183 2183 242 2219">
    <p class='ocr_par' dir='ltr' id='par_1_3' title="bbox 183 2183 242 2219">
     <span class='ocr_line' id='line_1_3' title="bbox 183 2183 242 2219; baseline 0.017 -1"><span class='ocrx_word' id='word_1_3' title='bbox 183 2183 206 2219; x_wconf 82' lang='lat' dir='ltr'>tt.</span> <span class='ocrx_word' id='word_1_4' title='bbox 221 2184 242 2219; x_wconf 70' lang='lat' dir='ltr'>fl·</span> 
     </span>
    </p>
   </div>
   <div class='ocr_carea' id='block_1_4' title="bbox 312 147 1112 234">
    <p class='ocr_par' dir='ltr' id='par_1_4' title="bbox 312 147 1112 234">
     <span class='ocr_line' id='line_1_4' title="bbox 312 147 1112 234; baseline 0.013 -24"><span class='ocrx_word' id='word_1_5' title='bbox 312 147 373 212; x_wconf 90' lang='grc'>116</span> <span class='ocrx_word' id='word_1_6' title='bbox 544 164 593 219; x_wconf 90' lang='lat' dir='ltr'>Ab</span> <span class='ocrx_word' id='word_1_7' title='bbox 612 178 727 218; x_wconf 86' lang='lat' dir='ltr'>excessu</span> <span class='ocrx_word' id='word_1_8' title='bbox 746 164 779 218; x_wconf 87' lang='lat' dir='ltr'>D.</span> <span class='ocrx_word' id='word_1_9' title='bbox 792 164 919 234; x_wconf 83' lang='lat' dir='ltr'>Augusti</span> <span class='ocrx_word' id='word_1_10' title='bbox 938 164 982 219; x_wconf 95' lang='lat' dir='ltr'>III</span> <span class='ocrx_word' id='word_1_11' title='bbox 1001 167 1112 220; x_wconf 85' lang='lat' dir='ltr'>oo-o5.</span> 
     </span>
    </p>
   </div>
   <div class='ocr_carea' id='block_1_5' title="bbox 298 337 1349 3950">
    <p class='ocr_par' dir='ltr' id='par_1_5' title="bbox 308 337 1349 923">
     <span class='ocr_line' id='line_1_5' title="bbox 309 337 1347 422; baseline 0 -20"><span class='ocrx_word' id='word_1_12' title='bbox 309 338 443 402; x_wconf 90' lang='lat' dir='ltr'>vetustis</span> <span class='ocrx_word' id='word_1_13' title='bbox 458 338 735 422; x_wconf 82' lang='lat' dir='ltr'>superstitionibus</span> <span class='ocrx_word' id='word_1_14' title='bbox 750 344 805 402; x_wconf 89' lang='lat' dir='ltr'>aut</span> <span class='ocrx_word' id='word_1_15' title='bbox 819 337 939 402; x_wconf 88' lang='lat' dir='ltr'>meritis</span> <span class='ocrx_word' id='word_1_16' title='bbox 955 337 988 402; x_wconf 94' lang='lat' dir='ltr'>in</span> <span class='ocrx_word' id='word_1_17' title='bbox 1004 339 1154 422; x_wconf 92' lang='lat' dir='ltr'>populum</span> <span class='ocrx_word' id='word_1_18' title='bbox 1169 339 1347 403; x_wconf 84' lang='lat' dir='ltr'>Romanum</span> 
     </span>
     <span class='ocr_line' id='line_1_6' title="bbox 308 441 1348 526; baseline 0.002 -20"><span class='ocrx_word' id='word_1_19' title='bbox 308 441 459 508; x_wconf 90' lang='lat' dir='ltr'>fidebant.</span> <span class='ocrx_word' id='word_1_20' title='bbox 498 462 678 526; x_wconf 90' lang='lat' dir='ltr'>magnaque</span> <span class='ocrx_word' id='word_1_21' title='bbox 702 442 769 507; x_wconf 93' lang='lat' dir='ltr'>eius</span> <span class='ocrx_word' id='word_1_22' title='bbox 791 441 855 507; x_wconf 92' lang='lat' dir='ltr'>diei</span> <span class='ocrx_word' id='word_1_23' title='bbox 878 444 1002 526; x_wconf 87' lang='lat' dir='ltr'>species</span> <span class='ocrx_word' id='word_1_24' title='bbox 1025 442 1094 524; x_wconf 87' lang='lat' dir='ltr'>fuit,</span> <span class='ocrx_word' id='word_1_25' title='bbox 1127 463 1187 524; x_wconf 92' lang='lat' dir='ltr'>quo</span> <span class='ocrx_word' id='word_1_26' title='bbox 1217 449 1348 508; x_wconf 90' lang='lat' dir='ltr'>senatus</span> 
     </span>
     <span class='ocr_line' id='line_1_7' title="bbox 309 545 1348 630; baseline -0.001 -20"><span class='ocrx_word' id='word_1_27' title='bbox 309 546 462 611; x_wconf 91' lang='lat' dir='ltr'>maiorum</span> <span class='ocrx_word' id='word_1_28' title='bbox 492 545 657 627; x_wconf 88' lang='lat' dir='ltr'>beneficia,</span> <span class='ocrx_word' id='word_1_29' title='bbox 690 546 845 610; x_wconf 90' lang='lat' dir='ltr'>sociorum</span> <span class='ocrx_word' id='word_1_30' title='bbox 875 553 979 630; x_wconf 87' lang='lat' dir='ltr'>pacta,</span> <span class='ocrx_word' id='word_1_31' title='bbox 1014 566 1125 629; x_wconf 92' lang='lat' dir='ltr'>regum</span> <span class='ocrx_word' id='word_1_32' title='bbox 1157 547 1262 627; x_wconf 90' lang='lat' dir='ltr'>etiam,</span> <span class='ocrx_word' id='word_1_33' title='bbox 1294 547 1348 628; x_wconf 90' lang='lat' dir='ltr'>qui</span> 
     </span>
     <span class='ocr_line' id='line_1_8' title="bbox 309 650 1349 734; baseline -0.001 -19"><span class='ocrx_word' id='word_1_34' title='bbox 309 657 383 715; x_wconf 91' lang='lat' dir='ltr'>ante</span> <span class='ocrx_word' id='word_1_35' title='bbox 398 650 464 716; x_wconf 90' lang='lat' dir='ltr'>vim</span> <span class='ocrx_word' id='word_1_36' title='bbox 478 651 655 715; x_wconf 80' lang='lat' dir='ltr'>Romanam</span> <span class='ocrx_word' id='word_1_37' title='bbox 678 650 852 731; x_wconf 87' lang='lat' dir='ltr'>valuerant,</span> <span class='ocrx_word' id='word_1_38' title='bbox 876 650 1003 715; x_wconf 89' lang='lat' dir='ltr'>decreta</span> <span class='ocrx_word' id='word_1_39' title='bbox 1025 651 1227 734; x_wconf 90' lang='lat' dir='ltr'>ipsorumque</span> <span class='ocrx_word' id='word_1_40' title='bbox 1249 651 1349 714; x_wconf 92' lang='lat' dir='ltr'>numi·</span> 
     </span>
     <span class='ocr_line' id='line_1_9' title="bbox 310 753 1348 837; baseline 0 -19"><span class='ocrx_word' id='word_1_41' title='bbox 310 775 386 819; x_wconf 93' lang='lat' dir='ltr'>num</span> <span class='ocrx_word' id='word_1_42' title='bbox 418 754 588 837; x_wconf 83' lang='lat' dir='ltr'>religiones</span> <span class='ocrx_word' id='word_1_43' title='bbox 621 753 820 837; x_wconf 84' lang='lat' dir='ltr'>introspexit,</span> <span class='ocrx_word' id='word_1_44' title='bbox 855 754 964 835; x_wconf 87' lang='lat' dir='ltr'>libero,</span> <span class='ocrx_word' id='word_1_45' title='bbox 998 760 1033 818; x_wconf 92' lang='lat' dir='ltr'>ut</span> <span class='ocrx_word' id='word_1_46' title='bbox 1067 754 1236 836; x_wconf 91' lang='lat' dir='ltr'>quondam,</span> <span class='ocrx_word' id='word_1_47' title='bbox 1272 753 1348 835; x_wconf 92' lang='lat' dir='ltr'>quid</span> 
     </span>
     <span class='ocr_line' id='line_1_10' title="bbox 309 858 657 923; baseline 0.003 -1"><span class='ocrx_word' id='word_1_48' title='bbox 309 858 448 923; x_wconf 90' lang='lat' dir='ltr'>firmaret</span> <span class='ocrx_word' id='word_1_49' title='bbox 470 865 657 923; x_wconf 89' lang='lat' dir='ltr'>mutaretve.</span> 
     </span>
    </p>

    <p class='ocr_par' dir='ltr' id='par_1_6' title="bbox 307 961 1348 2083">
     <span class='ocr_line' id='line_1_11' title="bbox 396 961 1347 1046; baseline 0.001 -21"><span class='ocrx_word' id='word_1_50' title='bbox 396 963 446 1026; x_wconf 84' lang='lat'>61.</span> <span class='ocrx_word' id='word_1_51' title='bbox 471 963 568 1027; x_wconf 90' lang='lat' dir='ltr'>Primi</span> <span class='ocrx_word' id='word_1_52' title='bbox 591 961 731 1026; x_wconf 92' lang='lat' dir='ltr'>omnium</span> <span class='ocrx_word' id='word_1_53' title='bbox 746 961 878 1046; x_wconf 84' lang='lat' dir='ltr'>Ephesii</span> <span class='ocrx_word' id='word_1_54' title='bbox 900 961 1017 1042; x_wconf 88' lang='lat' dir='ltr'>adiere,</span> <span class='ocrx_word' id='word_1_55' title='bbox 1041 968 1252 1027; x_wconf 84' lang='lat' dir='ltr'>memorantes</span> <span class='ocrx_word' id='word_1_56' title='bbox 1273 983 1347 1044; x_wconf 90' lang='lat' dir='ltr'>non,</span> 
     </span>
     <span class='ocr_line' id='line_1_12' title="bbox 309 1064 1346 1150; baseline 0 -20"><span class='ocrx_word' id='word_1_57' title='bbox 309 1072 344 1130; x_wconf 91' lang='lat' dir='ltr'>ut</span> <span class='ocrx_word' id='word_1_58' title='bbox 358 1066 472 1150; x_wconf 89' lang='lat' dir='ltr'>vulgus</span> <span class='ocrx_word' id='word_1_59' title='bbox 488 1064 638 1146; x_wconf 87' lang='lat' dir='ltr'>crederet,</span> <span class='ocrx_word' id='word_1_60' title='bbox 655 1065 791 1129; x_wconf 80' lang='lat' dir='ltr'>Dianam</span> <span class='ocrx_word' id='word_1_61' title='bbox 807 1071 903 1147; x_wconf 90' lang='lat' dir='ltr'>atque</span> <span class='ocrx_word' id='word_1_62' title='bbox 918 1066 1097 1149; x_wconf 87' lang='lat' dir='ltr'>Apollinem</span> <span class='ocrx_word' id='word_1_63' title='bbox 1110 1066 1189 1130; x_wconf 90' lang='lat' dir='ltr'>Delo</span> <span class='ocrx_word' id='word_1_64' title='bbox 1205 1066 1346 1148; x_wconf 87' lang='lat' dir='ltr'>genitos:</span> 
     </span>
     <span class='ocr_line' id='line_1_13' title="bbox 310 1168 1348 1252; baseline 0 -18"><span class='ocrx_word' id='word_1_65' title='bbox 310 1188 380 1234; x_wconf 90' lang='lat' dir='ltr'>esse</span> <span class='ocrx_word' id='word_1_66' title='bbox 403 1168 488 1252; x_wconf 91' lang='lat' dir='ltr'>apud</span> <span class='ocrx_word' id='word_1_67' title='bbox 511 1188 545 1234; x_wconf 91' lang='lat' dir='ltr'>se</span> <span class='ocrx_word' id='word_1_68' title='bbox 570 1168 765 1234; x_wconf 80' lang='lat' dir='ltr'>Cenchreum</span> <span class='ocrx_word' id='word_1_69' title='bbox 789 1188 925 1250; x_wconf 88' lang='lat' dir='ltr'>amnem,</span> <span class='ocrx_word' id='word_1_70' title='bbox 956 1169 1061 1233; x_wconf 91' lang='lat' dir='ltr'>lucum</span> <span class='ocrx_word' id='word_1_71' title='bbox 1084 1168 1261 1252; x_wconf 85' lang='lat' dir='ltr'>Ortygiam,</span> <span class='ocrx_word' id='word_1_72' title='bbox 1292 1169 1348 1234; x_wconf 92' lang='lat' dir='ltr'>ubi</span> 
     </span>
     <span class='ocr_line' id='line_1_14' title="bbox 309 1272 1348 1357; baseline -0.002 -19"><span class='ocrx_word' id='word_1_73' title='bbox 309 1275 463 1338; x_wconf 84' lang='lat' dir='ltr'>Latonam</span> <span class='ocrx_word' id='word_1_74' title='bbox 479 1279 572 1357; x_wconf 89' lang='lat' dir='ltr'>partu</span> <span class='ocrx_word' id='word_1_75' title='bbox 587 1272 753 1356; x_wconf 90' lang='lat' dir='ltr'>gravidam</span> <span class='ocrx_word' id='word_1_76' title='bbox 768 1278 801 1338; x_wconf 89' lang='lat' dir='ltr'>et</span> <span class='ocrx_word' id='word_1_77' title='bbox 815 1273 913 1353; x_wconf 90' lang='lat' dir='ltr'>oleae,</span> <span class='ocrx_word' id='word_1_78' title='bbox 931 1293 1012 1354; x_wconf 93' lang='lat' dir='ltr'>quae</span> <span class='ocrx_word' id='word_1_79' title='bbox 1024 1280 1090 1336; x_wconf 92' lang='lat' dir='ltr'>tum</span> <span class='ocrx_word' id='word_1_80' title='bbox 1103 1273 1197 1337; x_wconf 91' lang='lat' dir='ltr'>etiam</span> <span class='ocrx_word' id='word_1_81' title='bbox 1209 1279 1348 1353; x_wconf 90' lang='lat' dir='ltr'>maneat,</span> 
     </span>
     <span class='ocr_line' id='line_1_15' title="bbox 308 1375 1348 1457; baseline -0.002 -15"><span class='ocrx_word' id='word_1_82' title='bbox 308 1375 453 1442; x_wconf 81' lang='lat' dir='ltr'>adnisam</span> <span class='ocrx_word' id='word_1_83' title='bbox 470 1375 608 1441; x_wconf 89' lang='lat' dir='ltr'>edidisse</span> <span class='ocrx_word' id='word_1_84' title='bbox 623 1397 662 1441; x_wconf 91' lang='lat' dir='ltr'>ea</span> <span class='ocrx_word' id='word_1_85' title='bbox 676 1376 816 1457; x_wconf 92' lang='lat' dir='ltr'>numina,</span> <span class='ocrx_word' id='word_1_86' title='bbox 840 1375 1033 1457; x_wconf 90' lang='lat' dir='ltr'>deorumque</span> <span class='ocrx_word' id='word_1_87' title='bbox 1052 1377 1172 1441; x_wconf 91' lang='lat' dir='ltr'>monitu</span> <span class='ocrx_word' id='word_1_88' title='bbox 1189 1382 1348 1441; x_wconf 91' lang='lat' dir='ltr'>sacratum</span> 
     </span>
     <span class='ocr_line' id='line_1_16' title="bbox 309 1480 1346 1564; baseline 0 -19"><span class='ocrx_word' id='word_1_89' title='bbox 309 1501 429 1562; x_wconf 90' lang='lat' dir='ltr'>nemus,</span> <span class='ocrx_word' id='word_1_90' title='bbox 452 1487 548 1562; x_wconf 90' lang='lat' dir='ltr'>atque</span> <span class='ocrx_word' id='word_1_91' title='bbox 571 1481 682 1564; x_wconf 92' lang='lat' dir='ltr'>ipsum·</span> <span class='ocrx_word' id='word_1_92' title='bbox 697 1480 761 1544; x_wconf 89' lang='lat' dir='ltr'>illic</span> <span class='ocrx_word' id='word_1_93' title='bbox 783 1481 963 1564; x_wconf 83' lang='lat' dir='ltr'>Apollinem</span> <span class='ocrx_word' id='word_1_94' title='bbox 985 1487 1056 1564; x_wconf 90' lang='lat' dir='ltr'>post</span> <span class='ocrx_word' id='word_1_95' title='bbox 1078 1480 1262 1545; x_wconf 91' lang='lat' dir='ltr'>interfectos</span> <span class='ocrx_word' id='word_1_96' title='bbox 1286 1481 1346 1563; x_wconf 81' lang='lat' dir='ltr'>Gy-</span> 
     </span>
     <span class='ocr_line' id='line_1_17' title="bbox 309 1584 1348 1669; baseline -0.001 -19"><span class='ocrx_word' id='word_1_97' title='bbox 309 1586 414 1669; x_wconf 88' lang='lat' dir='ltr'>clopas</span> <span class='ocrx_word' id='word_1_98' title='bbox 436 1585 522 1649; x_wconf 91' lang='lat' dir='ltr'>Iovis</span> <span class='ocrx_word' id='word_1_99' title='bbox 544 1585 623 1649; x_wconf 92' lang='lat' dir='ltr'>iram</span> <span class='ocrx_word' id='word_1_100' title='bbox 647 1584 808 1649; x_wconf 89' lang='lat' dir='ltr'>vitavisse.</span> <span class='ocrx_word' id='word_1_101' title='bbox 840 1605 914 1648; x_wconf 86' lang='lat' dir='ltr'>mox</span> <span class='ocrx_word' id='word_1_102' title='bbox 936 1585 1086 1650; x_wconf 92' lang='lat' dir='ltr'>Liberum</span> <span class='ocrx_word' id='word_1_103' title='bbox 1109 1592 1241 1668; x_wconf 93' lang='lat' dir='ltr'>patrem,</span> <span class='ocrx_word' id='word_1_104' title='bbox 1266 1584 1348 1649; x_wconf 91' lang='lat' dir='ltr'>bello</span> 
     </span>
     <span class='ocr_line' id='line_1_18' title="bbox 309 1687 1347 1773; baseline -0.003 -18"><span class='ocrx_word' id='word_1_105' title='bbox 309 1689 469 1770; x_wconf 89' lang='lat' dir='ltr'>victorem,</span> <span class='ocrx_word' id='word_1_106' title='bbox 494 1688 688 1773; x_wconf 81' lang='lat' dir='ltr'>supplicibus</span> <span class='ocrx_word' id='word_1_107' title='bbox 711 1689 916 1769; x_wconf 83' lang='lat' dir='ltr'>Amazonum,</span> <span class='ocrx_word' id='word_1_108' title='bbox 940 1707 1022 1770; x_wconf 89' lang='lat' dir='ltr'>quae</span> <span class='ocrx_word' id='word_1_109' title='bbox 1044 1709 1132 1752; x_wconf 93' lang='lat' dir='ltr'>aram</span> <span class='ocrx_word' id='word_1_110' title='bbox 1154 1687 1347 1769; x_wconf 87' lang='lat' dir='ltr'>insederant,</span> 
     </span>
     <span class='ocr_line' id='line_1_19' title="bbox 307 1791 1346 1877; baseline -0.002 -20"><span class='ocrx_word' id='word_1_111' title='bbox 307 1793 475 1877; x_wconf 89' lang='lat' dir='ltr'>ignovisse.</span> <span class='ocrx_word' id='word_1_112' title='bbox 514 1798 641 1856; x_wconf 89' lang='lat' dir='ltr'>auctam</span> <span class='ocrx_word' id='word_1_113' title='bbox 670 1791 745 1856; x_wconf 93' lang='lat' dir='ltr'>hinc</span> <span class='ocrx_word' id='word_1_114' title='bbox 775 1811 928 1857; x_wconf 90' lang='lat' dir='ltr'>concessu</span> <span class='ocrx_word' id='word_1_115' title='bbox 950 1792 1105 1873; x_wconf 88' lang='lat' dir='ltr'>Herculis,</span> <span class='ocrx_word' id='word_1_116' title='bbox 1137 1811 1208 1856; x_wconf 89' lang='lat' dir='ltr'>curn</span> <span class='ocrx_word' id='word_1_117' title='bbox 1240 1791 1346 1874; x_wconf 91' lang='lat' dir='ltr'>Lydia</span> 
     </span>
     <span class='ocr_line' id='line_1_20' title="bbox 307 1895 1346 1980; baseline -0.002 -19"><span class='ocrx_word' id='word_1_118' title='bbox 307 1901 475 1980; x_wconf 84' lang='lat' dir='ltr'>poteretur,</span> <span class='ocrx_word' id='word_1_119' title='bbox 501 1897 723 1961; x_wconf 80' lang='lat' dir='ltr'>caerimoniam</span> <span class='ocrx_word' id='word_1_120' title='bbox 745 1896 872 1979; x_wconf 91' lang='lat' dir='ltr'>templo,</span> <span class='ocrx_word' id='word_1_121' title='bbox 903 1915 1007 1978; x_wconf 91' lang='lat' dir='ltr'>neque</span> <span class='ocrx_word' id='word_1_122' title='bbox 1030 1897 1198 1960; x_wconf 85' lang='lat' dir='ltr'>Persarum</span> <span class='ocrx_word' id='word_1_123' title='bbox 1222 1895 1346 1959; x_wconf 93' lang='lat' dir='ltr'>dicione</span> 
     </span>
     <span class='ocr_line' id='line_1_21' title="bbox 309 1998 1297 2083; baseline -0.001 -20"><span class='ocrx_word' id='word_1_124' title='bbox 309 1999 504 2064; x_wconf 91' lang='lat' dir='ltr'>deminutum</span> <span class='ocrx_word' id='word_1_125' title='bbox 526 1999 589 2083; x_wconf 82' lang='lat' dir='ltr'>ius3</span> <span class='ocrx_word' id='word_1_126' title='bbox 613 2006 685 2083; x_wconf 90' lang='lat' dir='ltr'>post</span> <span class='ocrx_word' id='word_1_127' title='bbox 706 1999 907 2079; x_wconf 89' lang='lat' dir='ltr'>Macedonas,</span> <span class='ocrx_word' id='word_1_128' title='bbox 931 1998 1006 2063; x_wconf 90' lang='lat' dir='ltr'>dein</span> <span class='ocrx_word' id='word_1_129' title='bbox 1029 2019 1087 2064; x_wconf 87' lang='lat' dir='ltr'>nos</span> <span class='ocrx_word' id='word_1_130' title='bbox 1110 1999 1297 2064; x_wconf 82' lang='lat' dir='ltr'>servavisse.</span> 
     </span>
    </p>

    <p class='ocr_par' dir='ltr' id='par_1_7' title="bbox 298 2102 1349 3950">
     <span class='ocr_line' id='line_1_22' title="bbox 396 2102 1348 2186; baseline -0.001 -20"><span class='ocrx_word' id='word_1_131' title='bbox 396 2102 446 2166; x_wconf 80' lang='lat'>62.</span> <span class='ocrx_word' id='word_1_132' title='bbox 470 2103 618 2167; x_wconf 87' lang='lat' dir='ltr'>Proximo</span> <span class='ocrx_word' id='word_1_133' title='bbox 638 2104 803 2186; x_wconf 85' lang='lat' dir='ltr'>Magnetes</span> <span class='ocrx_word' id='word_1_134' title='bbox 822 2103 858 2167; x_wconf 92' lang='lat' dir='ltr'>L.</span> <span class='ocrx_word' id='word_1_135' title='bbox 876 2103 1033 2186; x_wconf 83' lang='lat' dir='ltr'>Scipionis</span> <span class='ocrx_word' id='word_1_136' title='bbox 1057 2109 1088 2167; x_wconf 89' lang='lat' dir='ltr'>et</span> <span class='ocrx_word' id='word_1_137' title='bbox 1103 2105 1138 2169; x_wconf 90' lang='lat' dir='ltr'>L.</span> <span class='ocrx_word' id='word_1_138' title='bbox 1156 2103 1261 2168; x_wconf 83' lang='lat' dir='ltr'>Sullae</span> <span class='ocrx_word' id='word_1_139' title='bbox 1278 2122 1348 2168; x_wconf 93' lang='lat' dir='ltr'>con-</span> 
     </span>
     <span class='ocr_line' id='line_1_23' title="bbox 309 2205 1348 2288; baseline -0.002 -16"><span class='ocrx_word' id='word_1_140' title='bbox 309 2206 425 2272; x_wconf 89' lang='lat' dir='ltr'>stitutis</span> <span class='ocrx_word' id='word_1_141' title='bbox 447 2207 639 2287; x_wconf 87' lang='lat' dir='ltr'>nitebantur,</span> <span class='ocrx_word' id='word_1_142' title='bbox 663 2226 795 2288; x_wconf 91' lang='lat' dir='ltr'>quorum</span> <span class='ocrx_word' id='word_1_143' title='bbox 817 2207 869 2270; x_wconf 88' lang='lat' dir='ltr'>ille</span> <span class='ocrx_word' id='word_1_144' title='bbox 892 2206 1059 2287; x_wconf 83' lang='lat' dir='ltr'>Antiocho,</span> <span class='ocrx_word' id='word_1_145' title='bbox 1089 2206 1142 2270; x_wconf 92' lang='lat' dir='ltr'>hic</span> <span class='ocrx_word' id='word_1_146' title='bbox 1164 2205 1348 2270; x_wconf 90' lang='lat' dir='ltr'>Mithridate</span> 
     </span>
     <span class='ocr_line' id='line_1_24' title="bbox 308 2308 1349 2393; baseline 0 -19"><span class='ocrx_word' id='word_1_147' title='bbox 308 2310 407 2393; x_wconf 91' lang='lat' dir='ltr'>pulsis</span> <span class='ocrx_word' id='word_1_148' title='bbox 435 2309 531 2374; x_wconf 91' lang='lat' dir='ltr'>fidem</span> <span class='ocrx_word' id='word_1_149' title='bbox 559 2317 656 2392; x_wconf 90' lang='lat' dir='ltr'>atque</span> <span class='ocrx_word' id='word_1_150' title='bbox 685 2308 834 2375; x_wconf 92' lang='lat' dir='ltr'>virtutem</span> <span class='ocrx_word' id='word_1_151' title='bbox 856 2310 1041 2393; x_wconf 92' lang='lat' dir='ltr'>Magnetum</span> <span class='ocrx_word' id='word_1_152' title='bbox 1069 2309 1271 2391; x_wconf 87' lang='lat' dir='ltr'>decoravere,</span> <span class='ocrx_word' id='word_1_153' title='bbox 1302 2310 1349 2374; x_wconf 93' lang='lat' dir='ltr'>uti</span> 
     </span>
     <span class='ocr_line' id='line_1_25' title="bbox 307 2412 1349 2497; baseline 0.001 -20"><span class='ocrx_word' id='word_1_154' title='bbox 307 2413 430 2478; x_wconf 85' lang='lat' dir='ltr'>Dianae</span> <span class='ocrx_word' id='word_1_155' title='bbox 452 2412 704 2496; x_wconf 90' lang='lat' dir='ltr'>Leucophrynae</span> <span class='ocrx_word' id='word_1_156' title='bbox 719 2412 899 2497; x_wconf 85' lang='lat' dir='ltr'>perfugium</span> <span class='ocrx_word' id='word_1_157' title='bbox 914 2413 1098 2478; x_wconf 91' lang='lat' dir='ltr'>inviolabile</span> <span class='ocrx_word' id='word_1_158' title='bbox 1114 2413 1204 2477; x_wconf 88' lang='lat' dir='ltr'>foret.</span> <span class='ocrx_word' id='word_1_159' title='bbox 1229 2412 1349 2497; x_wconf 90' lang='lat' dir='ltr'>Aphro·</span> 
     </span>
     <span class='ocr_line' id='line_1_26' title="bbox 307 2515 1348 2601; baseline 0.001 -21"><span class='ocrx_word' id='word_1_160' title='bbox 307 2515 462 2583; x_wconf 89' lang='lat' dir='ltr'>disienses</span> <span class='ocrx_word' id='word_1_161' title='bbox 484 2516 617 2601; x_wconf 89' lang='lat' dir='ltr'>posthac</span> <span class='ocrx_word' id='word_1_162' title='bbox 640 2524 671 2580; x_wconf 90' lang='lat' dir='ltr'>et</span> <span class='ocrx_word' id='word_1_163' title='bbox 694 2517 944 2582; x_wconf 83' lang='lat' dir='ltr'>Stratonicenses</span> <span class='ocrx_word' id='word_1_164' title='bbox 968 2516 1129 2581; x_wconf 90' lang='lat' dir='ltr'>dictatoris</span> <span class='ocrx_word' id='word_1_165' title='bbox 1146 2517 1294 2582; x_wconf 79' lang='lat' dir='ltr'>Caesaris</span> <span class='ocrx_word' id='word_1_166' title='bbox 1307 2517 1348 2581; x_wconf 94' lang='lat' dir='ltr'>ob</span> 
     </span>
     <span class='ocr_line' id='line_1_27' title="bbox 307 2618 1348 2704; baseline -0.003 -18"><span class='ocrx_word' id='word_1_167' title='bbox 307 2627 432 2686; x_wconf 87' lang='lat' dir='ltr'>vetusta</span> <span class='ocrx_word' id='word_1_168' title='bbox 453 2621 487 2685; x_wconf 94' lang='lat' dir='ltr'>in</span> <span class='ocrx_word' id='word_1_169' title='bbox 509 2621 609 2704; x_wconf 88' lang='lat' dir='ltr'>partis</span> <span class='ocrx_word' id='word_1_170' title='bbox 631 2619 744 2684; x_wconf 87' lang='lat' dir='ltr'>merita</span> <span class='ocrx_word' id='word_1_171' title='bbox 767 2626 799 2684; x_wconf 88' lang='lat' dir='ltr'>et</span> <span class='ocrx_word' id='word_1_172' title='bbox 821 2640 931 2684; x_wconf 90' lang='lat' dir='ltr'>recens</span> <span class='ocrx_word' id='word_1_173' title='bbox 947 2618 1014 2684; x_wconf 91' lang='lat' dir='ltr'>divi</span> <span class='ocrx_word' id='word_1_174' title='bbox 1028 2620 1164 2703; x_wconf 88' lang='lat' dir='ltr'>Augusti</span> <span class='ocrx_word' id='word_1_175' title='bbox 1185 2619 1348 2684; x_wconf 91' lang='lat' dir='ltr'>decretum</span> 
     </span>
     <span class='ocr_line' id='line_1_28' title="bbox 307 2723 1348 2806; baseline -0.002 -16"><span class='ocrx_word' id='word_1_176' title='bbox 307 2725 457 2806; x_wconf 79' lang='lat' dir='ltr'>adtulem,</span> <span class='ocrx_word' id='word_1_177' title='bbox 481 2723 612 2804; x_wconf 88' lang='lat' dir='ltr'>laudati,</span> <span class='ocrx_word' id='word_1_178' title='bbox 637 2723 721 2805; x_wconf 90' lang='lat' dir='ltr'>quod</span> <span class='ocrx_word' id='word_1_179' title='bbox 736 2723 921 2787; x_wconf 91' lang='lat' dir='ltr'>Parthorum</span> <span class='ocrx_word' id='word_1_180' title='bbox 944 2723 1157 2806; x_wconf 90' lang='lat' dir='ltr'>inruptionem</span> <span class='ocrx_word' id='word_1_181' title='bbox 1180 2723 1262 2787; x_wconf 93' lang='lat' dir='ltr'>nihil</span> <span class='ocrx_word' id='word_1_182' title='bbox 1284 2744 1348 2788; x_wconf 92' lang='lat' dir='ltr'>mu·</span> 
     </span>
     <span class='ocr_line' id='line_1_29' title="bbox 308 2826 1347 2911; baseline -0.002 -19"><span class='ocrx_word' id='word_1_183' title='bbox 308 2835 374 2892; x_wconf 87' lang='lat' dir='ltr'>tata</span> <span class='ocrx_word' id='word_1_184' title='bbox 394 2828 428 2891; x_wconf 95' lang='lat' dir='ltr'>in</span> <span class='ocrx_word' id='word_1_185' title='bbox 451 2827 602 2911; x_wconf 92' lang='lat' dir='ltr'>populum</span> <span class='ocrx_word' id='word_1_186' title='bbox 625 2828 802 2891; x_wconf 89' lang='lat' dir='ltr'>Romanum</span> <span class='ocrx_word' id='word_1_187' title='bbox 825 2826 1004 2891; x_wconf 90' lang='lat' dir='ltr'>constantia</span> <span class='ocrx_word' id='word_1_188' title='bbox 1030 2827 1243 2910; x_wconf 87' lang='lat' dir='ltr'>pertulissent.</span> <span class='ocrx_word' id='word_1_189' title='bbox 1291 2826 1347 2891; x_wconf 89' lang='lat' dir='ltr'>sed</span> 
     </span>
     <span class='ocr_line' id='line_1_30' title="bbox 308 2930 1348 3015; baseline -0.001 -20"><span class='ocrx_word' id='word_1_190' title='bbox 308 2930 601 3015; x_wconf 87' lang='lat' dir='ltr'>Aphrodisiensium</span> <span class='ocrx_word' id='word_1_191' title='bbox 618 2930 730 2995; x_wconf 88' lang='lat' dir='ltr'>civitas</span> <span class='ocrx_word' id='word_1_192' title='bbox 741 2931 884 3012; x_wconf 89' lang='lat' dir='ltr'>Veneris,</span> <span class='ocrx_word' id='word_1_193' title='bbox 908 2931 1191 2997; x_wconf 89' lang='lat' dir='ltr'>Stratonicensium</span> <span class='ocrx_word' id='word_1_194' title='bbox 1208 2931 1293 2995; x_wconf 92' lang='lat' dir='ltr'>lovis</span> <span class='ocrx_word' id='word_1_195' title='bbox 1317 2937 1348 2995; x_wconf 90' lang='lat' dir='ltr'>et</span> 
     </span>
     <span class='ocr_line' id='line_1_31' title="bbox 308 3034 1347 3118; baseline -0.002 -20"><span class='ocrx_word' id='word_1_196' title='bbox 308 3035 435 3098; x_wconf 83' lang='lat' dir='ltr'>Triviae</span> <span class='ocrx_word' id='word_1_197' title='bbox 449 3034 634 3118; x_wconf 89' lang='lat' dir='ltr'>religionem</span> <span class='ocrx_word' id='word_1_198' title='bbox 650 3035 827 3099; x_wconf 91' lang='lat' dir='ltr'>tuebantur.</span> <span class='ocrx_word' id='word_1_199' title='bbox 858 3035 951 3099; x_wconf 90' lang='lat' dir='ltr'>altius</span> <span class='ocrx_word' id='word_1_200' title='bbox 967 3034 1279 3099; x_wconf 91' lang='lat' dir='ltr'>Hierocaesarienses</span> <span class='ocrx_word' id='word_1_201' title='bbox 1295 3054 1347 3098; x_wconf 83' lang='lat' dir='ltr'>ex-</span> 
     </span>
     <span class='ocr_line' id='line_1_32' title="bbox 308 3136 1346 3222; baseline 0 -19"><span class='ocrx_word' id='word_1_202' title='bbox 308 3157 450 3222; x_wconf 88' lang='lat' dir='ltr'>posuere,</span> <span class='ocrx_word' id='word_1_203' title='bbox 474 3138 634 3202; x_wconf 90' lang='lat' dir='ltr'>Persicam</span> <span class='ocrx_word' id='word_1_204' title='bbox 656 3136 742 3222; x_wconf 88' lang='lat' dir='ltr'>apud</span> <span class='ocrx_word' id='word_1_205' title='bbox 765 3158 800 3203; x_wconf 89' lang='lat' dir='ltr'>se</span> <span class='ocrx_word' id='word_1_206' title='bbox 815 3138 964 3219; x_wconf 89' lang='lat' dir='ltr'>Dianam,</span> <span class='ocrx_word' id='word_1_207' title='bbox 988 3138 1154 3203; x_wconf 90' lang='lat' dir='ltr'>delubrum</span> <span class='ocrx_word' id='word_1_208' title='bbox 1169 3158 1245 3221; x_wconf 89' lang='lat' dir='ltr'>rege</span> <span class='ocrx_word' id='word_1_209' title='bbox 1263 3138 1346 3219; x_wconf 81' lang='lat' dir='ltr'>Cyro</span> 
     </span>
     <span class='ocr_line' id='line_1_33' title="bbox 309 3236 1347 3326; baseline -0.001 -21"><span class='ocrx_word' id='word_1_210' title='bbox 309 3241 460 3326; x_wconf 80' lang='lat' dir='ltr'>dicatum3</span> <span class='ocrx_word' id='word_1_211' title='bbox 485 3248 517 3306; x_wconf 94' lang='lat' dir='ltr'>et</span> <span class='ocrx_word' id='word_1_212' title='bbox 538 3236 794 3306; x_wconf 89' lang='lat' dir='ltr'>memorabantur</span> <span class='ocrx_word' id='word_1_213' title='bbox 810 3243 1006 3326; x_wconf 87' lang='lat' dir='ltr'>Perpennae,</span> <span class='ocrx_word' id='word_1_214' title='bbox 1029 3242 1161 3306; x_wconf 88' lang='lat' dir='ltr'>Isaurici</span> <span class='ocrx_word' id='word_1_215' title='bbox 1185 3241 1347 3322; x_wconf 87' lang='lat' dir='ltr'>multaque</span> 
     </span>
     <span class='ocr_line' id='line_1_34' title="bbox 308 3343 1347 3429; baseline 0 -21"><span class='ocrx_word' id='word_1_216' title='bbox 308 3346 371 3409; x_wconf 86' lang='lat' dir='ltr'>alia</span> <span class='ocrx_word' id='word_1_217' title='bbox 403 3345 627 3429; x_wconf 88' lang='lat' dir='ltr'>imperatorum</span> <span class='ocrx_word' id='word_1_218' title='bbox 657 3345 796 3426; x_wconf 91' lang='lat' dir='ltr'>nomina,</span> <span class='ocrx_word' id='word_1_219' title='bbox 828 3346 882 3427; x_wconf 90' lang='lat' dir='ltr'>qui</span> <span class='ocrx_word' id='word_1_220' title='bbox 911 3366 975 3410; x_wconf 94' lang='lat' dir='ltr'>non</span> <span class='ocrx_word' id='word_1_221' title='bbox 1006 3344 1100 3410; x_wconf 93' lang='lat' dir='ltr'>modo</span> <span class='ocrx_word' id='word_1_222' title='bbox 1130 3345 1257 3428; x_wconf 88' lang='lat' dir='ltr'>templo,</span> <span class='ocrx_word' id='word_1_223' title='bbox 1289 3343 1347 3408; x_wconf 88' lang='lat' dir='ltr'>sed</span> 
     </span>
     <span class='ocr_line' id='line_1_35' title="bbox 308 3448 1346 3532; baseline -0.002 -18"><span class='ocrx_word' id='word_1_224' title='bbox 308 3449 431 3514; x_wconf 92' lang='lat' dir='ltr'>duobus</span> <span class='ocrx_word' id='word_1_225' title='bbox 454 3449 579 3514; x_wconf 89' lang='lat' dir='ltr'>milibus</span> <span class='ocrx_word' id='word_1_226' title='bbox 602 3469 753 3532; x_wconf 88' lang='lat' dir='ltr'>passuum</span> <span class='ocrx_word' id='word_1_227' title='bbox 778 3448 911 3514; x_wconf 90' lang='lat' dir='ltr'>eandem</span> <span class='ocrx_word' id='word_1_228' title='bbox 935 3449 1136 3513; x_wconf 88' lang='lat' dir='ltr'>sanctitatem</span> <span class='ocrx_word' id='word_1_229' title='bbox 1161 3449 1346 3513; x_wconf 85' lang='lat' dir='ltr'>tribuerant.</span> 
     </span>
     <span class='ocr_line' id='line_1_36' title="bbox 309 3551 1346 3637; baseline -0.005 -18"><span class='ocrx_word' id='word_1_230' title='bbox 309 3554 393 3619; x_wconf 84' lang='lat' dir='ltr'>exim</span> <span class='ocrx_word' id='word_1_231' title='bbox 416 3553 527 3637; x_wconf 81' lang='lat' dir='ltr'>Cyprii</span> <span class='ocrx_word' id='word_1_232' title='bbox 557 3553 656 3617; x_wconf 88' lang='lat' dir='ltr'>tribus</span> <span class='ocrx_word' id='word_1_233' title='bbox 686 3551 727 3616; x_wconf 91' lang='lat' dir='ltr'>de</span> <span class='ocrx_word' id='word_1_234' title='bbox 754 3552 903 3634; x_wconf 89' lang='lat' dir='ltr'>delubris,</span> <span class='ocrx_word' id='word_1_235' title='bbox 935 3573 1066 3635; x_wconf 92' lang='lat' dir='ltr'>quorum</span> <span class='ocrx_word' id='word_1_236' title='bbox 1097 3552 1346 3617; x_wconf 89' lang='lat' dir='ltr'>vetustissimum</span> 
     </span>
     <span class='ocr_line' id='line_1_37' title="bbox 308 3654 1348 3741; baseline -0.002 -20"><span class='ocrx_word' id='word_1_237' title='bbox 308 3657 449 3741; x_wconf 88' lang='lat' dir='ltr'>Paphiae</span> <span class='ocrx_word' id='word_1_238' title='bbox 464 3656 581 3721; x_wconf 90' lang='lat' dir='ltr'>Veneri</span> <span class='ocrx_word' id='word_1_239' title='bbox 612 3662 721 3721; x_wconf 91' lang='lat' dir='ltr'>auctor</span> <span class='ocrx_word' id='word_1_240' title='bbox 750 3657 870 3737; x_wconf 71' lang='lat' dir='ltr'>Aerias,</span> <span class='ocrx_word' id='word_1_241' title='bbox 901 3663 973 3739; x_wconf 94' lang='lat' dir='ltr'>post</span> <span class='ocrx_word' id='word_1_242' title='bbox 994 3655 1078 3720; x_wconf 88' lang='lat' dir='ltr'>filius</span> <span class='ocrx_word' id='word_1_243' title='bbox 1102 3656 1169 3721; x_wconf 88' lang='lat' dir='ltr'>eius</span> <span class='ocrx_word' id='word_1_244' title='bbox 1191 3654 1348 3720; x_wconf 86' lang='lat' dir='ltr'>Amathus</span> 
     </span>
     <span class='ocr_line' id='line_1_38' title="bbox 308 3758 1347 3840; baseline -0.003 -14"><span class='ocrx_word' id='word_1_245' title='bbox 308 3760 424 3827; x_wconf 91' lang='lat' dir='ltr'>Veneri</span> <span class='ocrx_word' id='word_1_246' title='bbox 446 3759 654 3824; x_wconf 87' lang='lat' dir='ltr'>Amathusiae</span> <span class='ocrx_word' id='word_1_247' title='bbox 677 3765 709 3824; x_wconf 88' lang='lat' dir='ltr'>et</span> <span class='ocrx_word' id='word_1_248' title='bbox 730 3760 800 3824; x_wconf 92' lang='lat' dir='ltr'>Iovi</span> <span class='ocrx_word' id='word_1_249' title='bbox 820 3760 993 3825; x_wconf 91' lang='lat' dir='ltr'>Salaminio</span> <span class='ocrx_word' id='word_1_250' title='bbox 1009 3761 1140 3840; x_wconf 84' lang='lat' dir='ltr'>Teucer,</span> <span class='ocrx_word' id='word_1_251' title='bbox 1164 3758 1347 3824; x_wconf 87' lang='lat' dir='ltr'>Telamonis</span> 
     </span>
     <span class='ocr_line' id='line_1_39' title="bbox 298 3862 872 3950; baseline -0.005 -20"><span class='ocrx_word' id='word_1_252' title='bbox 298 3865 404 3950; x_wconf 84' lang='lat' dir='ltr'>patris</span> <span class='ocrx_word' id='word_1_253' title='bbox 425 3865 474 3929; x_wconf 90' lang='lat' dir='ltr'>ira</span> <span class='ocrx_word' id='word_1_254' title='bbox 495 3862 659 3950; x_wconf 74' lang='lat' dir='ltr'>profugae,</span> <span class='ocrx_word' id='word_1_255' title='bbox 682 3864 872 3949; x_wconf 87' lang='lat' dir='ltr'>posuissent.</span> 
     </span>
    </p>
   </div>
   <div class='ocr_carea' id='block_1_6' title="bbox 0 0 1384 4214">
    <p class='ocr_par' dir='ltr' id='par_1_8' title="bbox 0 0 1384 4214">
     <span class='ocr_line' id='line_1_40' title="bbox 0 0 1384 4214; baseline 0 0"><span class='ocrx_word' id='word_1_256' title='bbox 0 0 1384 4214; x_wconf 95' lang='lat' dir='ltr'> </span> 
     </span>
    </p>
   </div>
  </div>
 </body>
</html>
