2760 4214
143 176 165 239 4
411 191 461 245 Ab
480 205 595 245 excessu
612 191 645 246 D.
658 191 785 261 Augusti
803 192 816 246 1
835 195 912 250 5-8.

143 387 240 432 causa
261 365 352 431 exitii
373 366 487 432 marito
508 365 631 431 fuisset.
675 372 845 448 utcumque
868 388 902 433 se
926 387 964 432 ea
985 389 1037 434 res
1059 369 1182 452 habuit,

143 470 275 536 vixdum
313 471 475 556 ingressus
511 470 673 554 Illyricum
706 471 853 537 liberius
888 473 1031 557 properis
1069 475 1180 541 matris

143 575 242 641 literis
274 575 406 658 accitur;
440 594 544 657 neque
577 575 655 640 satis
688 582 872 660 conpertum
905 583 968 657 est,
1003 578 1177 661 spirantem

142 679 248 745 adhuc
268 680 449 764 Augustum
470 677 558 763 apud
579 679 689 744 urbem
704 679 819 743 Nolam
841 699 883 743 an
906 681 1088 746 exanimem
1110 701 1180 766 rep

143 784 268 869 pererit.
312 784 440 849 aeribus
461 803 599 865 namque
622 783 773 848 custodiis
795 782 923 849 domum
946 792 978 849 et
1001 785 1070 850 vias
1093 806 1181 870 saep·

143 895 228 954 serat
241 887 343 969 Livia,
368 887 504 969 laetique
523 886 683 952 interdum
703 888 806 952 nuntii
822 888 1042 972 vulgabantur,
1066 889 1180 971 donec,

143 991 278 1077 provisis
294 1011 376 1073 quae
390 997 516 1075 tempus
531 992 691 1071 monebat,
704 992 798 1057 simul
810 993 987 1058 excessisse
999 993 1180 1076 Augustum

143 1103 175 1162 et
195 1116 299 1162 rerum
322 1096 417 1181 potiri
440 1098 600 1161 Neronem
622 1095 710 1160 sama
732 1095 844 1161 eadem
868 1097 947 1161 tulit.

58 1213 116 1265 1111
246 1201 276 1265 6.
299 1201 440 1266 Primum
469 1200 594 1265 facinus
623 1200 699 1266 novi
728 1200 924 1284 principatus
950 1200 1011 1265 fuit
1037 1202 1180 1267 Postumi

18 1281 124 1335 '‘wll“
143 1304 303 1389 Agrippae
333 1304 457 1385 caedes,
489 1325 581 1386 quem
611 1304 758 1386 ignarum
786 1303 1006 1386 inermumque
1034 1305 1181 1387 quamvis

142 1408 284 1475 firmatus
310 1410 417 1475 animo
444 1409 585 1473 centurio
612 1428 707 1492 aegre
729 1407 873 1473 confecit.
919 1407 999 1472 nihil
1021 1409 1062 1473 de
1085 1429 1124 1473 ea
1145 1429 1181 1474 re

142 1513 287 1579 liberius
308 1511 396 1597 apud
418 1519 563 1578 senatum
587 1510 747 1577 disseruit:
771 1511 871 1596 patris
892 1512 979 1577 iussa
998 1512 1178 1594 simulabat,

143 1618 257 1700 quibus
293 1617 549 1702 praescripsisset
582 1617 722 1714 tribuno·
741 1616 903 1682 custodiae
935 1616 1096 1700 adposito,
1134 1637 1176 1682 ne

142 1728 340 1786 cunctaretur
368 1721 546 1805 Agrippam
575 1727 675 1785 morte
704 1719 852 1801 adficere,
886 1721 1076 1803 quandoque
1109 1721 1179 1805 ipse

142 1845 323 1909 supremum
345 1824 430 1890 diem
454 1825 656 1908 explevisset.
688 1824 787 1888 multa
809 1824 877 1889 sine
900 1823 996 1889 dubio
1018 1844 1179 1906 saevaque

142 1930 303 2014 Augustus
333 1928 374 1993 de
403 1929 544 1994 moribus
572 1927 786 1994 adulescentis
816 1935 955 2012 questus,
986 1936 1021 1992 ut
1048 1929 1180 1994 exilium

142 2033 210 2099 eins
232 2039 361 2099 senatus
384 2033 526 2099 consulto
548 2033 731 2114 sanciretur,
759 2032 949 2117 perfecerat3
982 2040 1121 2098 ceterum
1143 2033 1178 2097 in

141 2137 256 2202 nullius
282 2156 434 2219 umquam
461 2157 588 2202 suorum
613 2156 726 2201 necem
753 2135 887 2218 duravit,
918 2157 1022 2219 neque
1045 2143 1178 2202 mortem

141 2241 249 2325 nepoti
282 2261 339 2325 pro
372 2240 540 2306 securitate
573 2239 711 2324 privigni
747 2240 879 2305 inlatam
913 2239 1064 2305 credibile
1102 2246 1178 2305 erat.

141 2344 270 2429 propius
299 2364 375 2409 vero
408 2343 570 2409 'liberium
603 2364 642 2408 ao
674 2343 809 2425 Liviam,
840 2344 932 2420 ‚illum
965 2351 1061 2425 metu,
1093 2342 1179 2408 hanc

141 2448 363 2514 novercalibus
397 2447 487 2529 odiis,
521 2446 660 2531 suspecti
694 2454 726 2512 11
759 2448 855 2514 invisi
887 2449 1013 2513 iuvenis
1047 2445 1179 2512 caedem

141 2552 351 2618 festinavisse.
383 2551 542 2616 nuntianti
558 2551 743 2632 centurioni,
763 2557 798 2616 ut
813 2572 881 2616 mos
898 2551 1039 2633 militiae,
1059 2551 1178 2615 factum

142 2676 212 2722 esse
233 2655 318 2739 quod
340 2655 537 2739 imperasset,
560 2675 665 2737 neque
686 2655 860 2739 imperasse
881 2676 951 2721 sese
971 2662 1003 2720 ct
1022 2656 1178 2720 rationem

141 2760 218 2825 iacti
245 2758 443 2825 reddendam
472 2758 559 2843 apud
589 2765 734 2824 senatum
763 2758 934 2843 respondit.
981 2759 1066 2842 quod
1095 2765 1179 2842 post-

142 2884 236 2946 quam
270 2863 438 2929 Sallustius
472 2862 602 2946 Crispus
635 2862 795 2947 particeps
829 2869 1020 2928 secretorum
1060 2863 1100 2948 (is
1136 2862 1180 2927 ad

141 2968 301 3032 tribunum
327 2966 457 3032 miserat
484 2965 656 3050 codicillos)
679 2966 841 3051 comperit,
872 2973 1017 3031 metuens
1040 2986 1177 3032 nereus

142 3069 337 3152 subderetur,
371 3071 462 3135 iuxta
494 3071 671 3154 periculoso
704 3070 779 3135 licta
812 3089 868 3135 scu
902 3090 978 3136 vera
1011 3076 1179 3154 promeret,

142 3174 262 3239 monuit
283 3174 408 3239 Liviam
430 3194 471 3238 ne
494 3194 611 3239 arcana
633 3172 754 3255 domus,
778 3193 819 3238 ne
841 3173 973 3239 consilia
994 3174 1177 3255 amicorum,

142 3277 317 3343 ministeria
339 3277 472 3342 militum
494 3278 708 3360 vulgarentur,
736 3297 818 3343 neve
840 3277 986 3342 'liberius
1008 3277 1072 3342 vim
1095 3277 1178 3360 prin-

142 3382 264 3465 cipatus
286 3382 457 3448 resolveret
477 3388 590 3446 cuncta
609 3380 651 3446 ad
671 3387 817 3446 senatum
837 3379 995 3445 vocando:
1020 3401 1091 3445 eam
1107 3401 1178 3446 con-

142 3484 297 3551 dicionem
332 3505 400 3551 esse
433 3484 620 3570 imperandi,
655 3492 690 3550 ut
718 3505 784 3549 non
813 3484 905 3550 aliter
933 3484 1013 3550 ratio
1045 3491 1176 3566 constet,

142 3610 235 3673 quam
260 3590 286 3655 si
308 3589 363 3654 uni
386 3588 545 3654 reddatur.

247 3693 275 3757 7.
306 3694 349 3758 At
371 3695 491 3758 Rornae
513 3713 604 3758 ruere
626 3693 659 3758 in
687 3691 850 3758 servitium
877 3693 1031 3774 consules,
1059 3699 1170 3776 patres,

142 3817 248 3881 eques.
283 3803 400 3879 quanto
421 3796 492 3879 quis
513 3796 682 3878 inlustrior,
704 3803 793 3861 tanto
815 3797 918 3880 magis
937 3796 1009 3861 falsi
1032 3816 1071 3860 ao
1093 3796 1152 3862 fest

2 3849 110 3959 affl.
128 3908 258 3984 nantes,
292 3901 447 3986 vultuque
478 3901 663 3988 composito,
692 3920 733 3966 ne
761 3901 836 3966 laeti
864 3919 998 3966 excessu
1026 3900 1149 3985 princip
