2760 4214
167 144 209 208 24
418 160 466 214 Ab
486 175 601 214 excessu
617 161 651 214 D.
665 160 790 229 Augusti
808 160 822 214 I
840 163 951 218 42-45.

0 337 150 390 stupescas
253 334 304 397 42.
330 327 413 399 ‘Non
440 332 518 398 mihi
544 355 625 400 uxor
652 341 706 399 aut
732 335 815 399 filius
841 341 931 419 patre
958 342 990 400 et
1015 356 1050 401 rc
1076 335 1205 420 publica

1 406 149 452 mmm&
168 439 303 504 cariores
325 445 409 519 sunt,
433 437 491 503 scd
512 437 599 502 illum
623 438 751 521 quidem
773 459 831 504 sua
853 439 1011 521 maiestas,
1036 440 1204 523 imperium

167 544 345 609 Romanum
362 542 459 608 ceteri
475 542 632 608 exercitus
648 542 830 608 defendent.
860 528 1026 628 coniugem
1042 550 1073 609 et
1088 543 1205 608 liberos

169 667 264 728 mecS,
288 667 366 729 quos
389 668 445 731 pro
467 646 568 730 gloria
590 653 697 712 vestra
716 647 818 711 libens
838 646 880 711 ad
899 648 1032 712 exitium
1047 647 1204 728 offerrem,

168 770 253 815 nune
275 751 384 834 procul
406 771 427 814 a
449 750 627 815 furentibus
654 771 846 831 summove0,
877 757 912 815 ut
939 750 1092 833 quidquid
1119 750 1205 816 istud

169 854 296 919 sceleris
318 853 470 934 imminet,
494 874 563 918 meo
586 860 708 919 tantum
731 855 886 938 sanguine
909 855 1021 939 pietur,
1051 875 1133 920 neve
1156 874 1205 921 oc·

170 958 253 1022 cisus
281 958 418 1040 Augusti
448 977 614 1041 pronepos,
645 957 811 1023 interfecta
832 958 952 1023 Tiberii
974 978 1070 1023 nurus
1092 978 1206 1023 nocen-

169 1061 264 1126 tiores
287 1080 343 1125 vos
366 1060 493 1124 faciant,
540 1061 615 1143 quid
638 1061 721 1125 enim
744 1082 800 1145 per
821 1061 879 1127 hos
902 1061 970 1127 dies
991 1063 1138 1127 inausum
1161 1063 1206 1126 in-

170 1170 397 1229 temeratumve
419 1164 532 1229 vobis?
559 1164 643 1246 quod
666 1185 780 1229 nomen
803 1164 877 1230 huic
900 1166 1001 1230 coetui
1024 1165 1128 1230 dabo?
1152 1166 1206 1229 mi-

170 1267 283 1332 litesne
313 1268 479 1352 appellem,
511 1268 565 1350 qui
592 1267 690 1332 filium
717 1269 914 1352 imperatoris
940 1269 1037 1335 vestri
1064 1269 1146 1334 vallo
1175 1275 1206 1334 et

170 1372 266 1436 armis
290 1370 558 1436 circumsedistis?
588 1392 630 1435 an
654 1371 749 1452 cives,
774 1373 888 1454 quibus
911 1379 976 1437 tam
998 1373 1138 1456 proiecta
1161 1393 1207 1438 se·

171 1482 264 1541 natus
286 1476 480 1541 auctoritas?
502 1475 640 1540 hostium
663 1496 787 1557 quoque
809 1477 858 1541 ius
882 1483 913 1541 et
933 1497 1024 1542 sacra
1038 1477 1207 1560 legationis

172 1578 211 1644 et
223 1579 272 1644 fas
291 1580 434 1663 gentium
454 1580 591 1663 rupistis.
623 1578 715 1644 divus
730 1580 829 1646 Iulius
845 1580 1034 1646 seditionem
1050 1581 1208 1645 exercitus

171 1686 268 1750 verbo
288 1705 351 1749 uno
368 1685 569 1768 compescuit,
593 1683 730 1760 Quirites
745 1685 888 1750 vocando
905 1686 958 1767 qui
974 1691 1208 1750 sacramentum

173 1789 240 1853 eius
267 1789 500 1872 detrectabant,
531 1788 623 1853 divus
646 1790 808 1873 Augustus
830 1791 919 1854 vultu
942 1795 974 1854 ct
995 1796 1127 1873 aspectu
1148 1790 1208 1854 Ac·

173 1893 273 1957 tiacas
295 1893 436 1976 legiones
460 1893 625 1958 exterruit:
650 1913 707 1958 nos
730 1900 764 1958 ut
784 1893 922 1958 nondum
943 1893 1081 1975 eosdem,
1104 1894 1150 1957 ita
1165 1912 1208 1957 ex

172 1996 233 2060 illis
249 2003 332 2061 ortos
348 1997 374 2061 si
390 1997 564 2080 Hispaniae
580 1998 731 2063 Suriacve
747 1998 837 2063 miles
852 2004 1084 2082 aspernaretur,
1100 2004 1209 2062 tamen

173 2100 285 2164 mirum
308 2106 340 2164 et
362 2100 528 2184 indignum
551 2109 626 2166 crat.
658 2103 800 2185 primane
817 2109 848 2167 et
863 2102 1037 2168 vicensima
1055 2102 1208 2186 legiones,

172 2204 226 2268 illa
257 2205 356 2288 signis
383 2226 403 2269 a
429 2205 556 2270 Tiberio
586 2206 735 2289 acceptis,
765 2213 799 2270 tu
826 2212 871 2271 tot
898 2207 1085 2291 proeliorum
1112 2206 1208 2287 socia,

173 2315 219 2373 tot
234 2309 382 2393 praemiis
403 2314 507 2390 aucta,
531 2310 690 2393 egregiam
706 2309 779 2374 duci
794 2316 898 2376 vestro
913 2311 1047 2393 gratiam
1061 2309 1209 2375 refertis?

173 2413 258 2478 hunc
286 2433 345 2496 ego
373 2413 519 2477 nuntium
547 2414 639 2496 patri,
670 2415 753 2478 lacta
776 2415 882 2481 omnia
904 2415 974 2479 aliis
997 2436 1014 2480 e
1037 2414 1209 2498 provinciis

173 2517 326 2599 audienti,
357 2517 479 2582 feram?
516 2518 614 2601 ipsius
649 2518 775 2600 tirones,
809 2519 909 2602 ipsius
943 2526 1110 2584 veteranos
1144 2539 1209 2583 non

173 2622 333 2702 missione,
356 2642 420 2686 non
442 2622 579 2705 pecunia
601 2621 743 2706 satiatos;
766 2621 819 2687 hic
841 2627 963 2686 tantum
985 2621 1119 2686 interfici
1139 2642 1210 2687 cen-

174 2727 322 2809 turiones,
351 2726 410 2790 eici
433 2725 584 2806 tribunos,
613 2725 732 2790 includi
754 2726 884 2810 legatos,
912 2725 1031 2790 infecta
1053 2725 1210 2809 sanguine

175 2836 287 2910 castra,
311 2829 451 2910 fiumina,
474 2850 587 2912 meque
610 2830 784 2913 precariam
806 2830 943 2894 animam
966 2829 1047 2893 inter
1069 2829 1210 2894 infensos

175 2932 309 2998 trahere.

261 3037 314 3100 43.
339 3037 401 3102 Cur
424 3037 508 3100 enim
530 3037 629 3121 primo
653 3037 808 3102 contionis
824 3037 874 3100 dic
890 3037 1007 3101 ferrum
1023 3036 1109 3117 illud,
1126 3036 1210 3119 quod

175 3141 294 3227 pectori
325 3161 395 3205 meo
424 3140 557 3225 infigere
587 3142 748 3226 parabam,
780 3141 972 3224 detraxistis,
1003 3162 1022 3206 o
1052 3139 1211 3226 inprovidi

175 3247 291 3311 amici?
325 3246 437 3311 melius
467 3252 499 3310 et
528 3246 687 3310 amantius
715 3247 767 3310 ille
797 3245 851 3327 qui
878 3244 1017 3328 gladium
1046 3246 1208 3310 offerebat.

176 3350 361 3416 cecidissem
389 3358 472 3416 certe
499 3350 639 3415 nondum
669 3356 715 3414 tot
744 3349 933 3432 flagitiorum
960 3350 1112 3413 exercitui
1140 3368 1210 3414 meo

175 3455 334 3539 conscius;
365 3455 521 3539 legissetis
551 3453 673 3534 ducem,
705 3454 756 3536 qui
788 3473 892 3517 meam
921 3452 1048 3535 quidem
1078 3459 1210 3517 mortem

176 3558 354 3643 inpunitam
384 3559 509 3638 sineret,
537 3559 612 3622 Vari
643 3565 749 3623 tamen
780 3562 811 3621 et
841 3557 934 3621 trium
956 3556 1115 3640 legionum
1138 3556 1212 3620 ulci-

177 3667 324 3727 sceretur.
357 3681 458 3743 neque
482 3662 565 3725 euim
589 3661 621 3725 di
644 3662 750 3726 sinant
772 3667 807 3724 ut
829 3660 997 3743 Belgarum
1020 3679 1212 3741 quamquam

177 3765 377 3831 offerentium
403 3764 500 3830 decus
527 3764 611 3830 istud
635 3771 665 3829 et
688 3764 840 3829 claritudo
863 3763 912 3844 sit,
944 3763 1131 3828 subvenisse
1154 3763 1212 3827 Ro-

175 3890 272 3934 mano
287 3869 416 3950 nomini,
441 3867 662 3953 compressisse
679 3866 866 3933 Germaniae
881 3867 1021 3952 populos.
1050 3873 1114 3947 tua,
1139 3864 1213 3931 dive
