2760 4214
137 193 140 199 '
178 180 221 244 40
429 196 478 251 Ab
496 185 612 251 excessu
629 197 662 251 D.
675 196 801 266 Augusti
818 198 831 250 Ι
851 201 961 252 71-75.

177 371 340 455 extollere3
363 371 495 435 vulnera
517 371 644 434 intuens
666 371 761 435 aliunr
785 390 851 455 spe,
874 372 969 435 alium
989 370 1099 455 gloria,
1123 391 1215 435 cunc·

177 480 225 538 tos
247 473 393 556 adloquio
416 481 447 538 et
470 494 545 538 cura
567 474 690 557 sibique
713 482 744 538 et
766 475 883 559 proelio
906 474 1059 540 firmabat.

4 576 160 622 Wlfflin
264 578 474 642 rancores
505 599 541 643 eo
571 598 655 643 anno
683 578 885 663 triumphalia
914 579 1052 663 insignia
1081 579 1118 642 A.
1137 578 1214 644 an-

16 646 146 768 hiiffi}
177 683 277 763 cinae,
300 683 335 746 L.
352 683 501 767 Aproni0,
526 683 559 748 Ο.
577 683 654 749 Silio
676 685 716 749 ob
739 703 790 748 res
806 704 877 748 cum
892 683 1080 749 Germanico
1094 689 1212 767 gestas.

59 786 109 837 ecu.
177 807 292 851 nomen
308 788 408 871 patris
423 787 544 870 patriae
559 788 714 869 Tiberius,
737 809 758 853 a
772 789 887 872 populo
903 789 1028 876 saepius
1043 788 1212 870 ingestum,

10 872 154 994 ffifffu‘ffi
177 890 370 975 repudiavit;
394 911 498 973 neque
520 892 553 955 in
575 899 647 956 acta
669 912 727 956 sua
746 893 841 956 iurari
858 913 1048 974 quamquam
1064 897 1214 956 censente

21 1011 141 1063 meique
178 1002 290 1060 senatu
323 995 475 1079 permisit,
510 1003 624 1060 cuncta
656 997 834 1061 mortalium
867 997 997 1077 incerta,
1032 1002 1214 1078 quantoque

37 1082 128 1135 edred·
177 1100 247 1184 plus
275 1099 410 1183 adeptus
440 1100 529 1181 foret,
561 1106 649 1165 tanto
672 1121 706 1166 se
730 1101 831 1185 magis
853 1100 887 1164 in
909 1101 1029 1166 lubrico
1052 1100 1212 1164 dictitans,

176 1224 240 1268 non
263 1211 369 1267 tamen
392 1203 464 1268 idco
486 1205 623 1270 faciebat
645 1203 740 1269 fidem
764 1205 865 1270 civilis
884 1204 995 1288 animi;
1020 1225 1093 1268 narn
1109 1205 1213 1288 legem

176 1307 349 1372 maiestatis
371 1308 551 1389 reduxerat,
575 1309 625 1373 cui
648 1330 763 1374 nomen
786 1307 872 1393 apud
894 1313 1018 1373 veteres
1038 1307 1131 1388 idem,
1156 1306 1213 1372 sed

174 1410 239 1475 alia
261 1411 294 1474 in
317 1411 467 1476 iudicium
491 1413 672 1494 veniebant,
685 1411 723 1476 si
746 1412 816 1495 quis
838 1411 1016 1495 proditione
1038 1411 1213 1476 exercitum

176 1522 231 1579 aut
253 1516 378 1599 plebem
403 1516 621 1598 seditionibus,
652 1516 789 1598 denique
812 1517 894 1581 male
916 1523 1007 1601 gesta
1029 1536 1063 1580 re
1085 1516 1214 1600 publica

176 1621 374 1686 maiestatem
397 1622 504 1705 populi
521 1623 655 1686 Romani
679 1622 856 1687 minuisset:
880 1621 966 1685 facta
988 1622 1212 1705 arguebantur,

176 1722 261 1788 dicta
295 1725 414 1809 inpune
444 1733 541 1789 erant.
587 1727 707 1809 primus
737 1727 898 1810 Augustus
929 1725 1142 1809 cognitionem
1172 1723 1213 1788 de

175 1827 306 1894 famosis
339 1829 453 1894 libellis
486 1831 592 1913 specie
626 1831 707 1914 legis
741 1830 809 1896 eius
842 1831 999 1911 tractavit,
1038 1836 1213 1895 commotus

176 1932 278 1997 Cassii
294 1933 403 1997 Severi
426 1932 568 2014 libidine,
592 1954 654 2016 qua
669 1934 753 1998 viros
769 1933 967 2015 feminasque
982 1934 1130 1997 inlustres
1145 1954 1213 2017 pro-

177 2036 304 2100 cacibus
327 2037 450 2120 scriptis
473 2036 707 2121 diffamaverat;
737 2058 812 2101 mox
835 2038 990 2117 Tiberius,
1015 2037 1213 2102 consultante

175 2139 326 2233 Pompeio
342 2139 446 2203 Macro
469 2148 623 2224 praetore,
647 2161 688 2203 an
711 2140 828 2205 iudicia
851 2142 1024 2206 maiestatis
1046 2139 1213 2205 redderen-

176 2250 235 2323 tur,
253 2242 448 2308 exercendas
463 2244 549 2328 leges
565 2263 635 2309 esse
650 2244 820 2328 respondit.
850 2245 934 2309 hunc
950 2264 1074 2327 quoque
1088 2264 1213 2328 aspera-

176 2367 250 2411 vere
286 2347 426 2411 carmina
456 2348 583 2413 incertis
614 2349 794 2414 auctoribus
822 2350 953 2432 vulgata
982 2350 1016 2412 in
1045 2349 1212 2413 saevitiam

176 2451 419 2543 superbiamque
443 2451 510 2517 eius
534 2458 565 2516 et
588 2451 764 2518 discordem
788 2474 859 2518 cum
882 2460 982 2518 matre
1005 2453 1155 2516 animum.

21 2549 145 2604 miili*
264 2555 313 2620 73.
338 2556 433 2620 Haud
455 2557 577 2640 pigebit
599 2557 716 2621 referre
738 2558 772 2620 in
795 2558 927 2622 Falanio
951 2564 982 2621 et
997 2557 1126 2637 Rubrio,
1150 2576 1213 2621 rno-

36 2621 127 2742 ”didide
176 2657 256 2723 dicis
279 2659 436 2741 equitibus
452 2661 612 2741 Romanis,
636 2668 866 2745 praetemptata
882 2661 1023 2742 crimina,
1047 2667 1081 2724 ut
1097 2660 1213 2743 quibus

2 2760 158 2874 igfgltffif'l
176 2763 285 2843 initiis,
317 2771 435 2844 quanta
457 2764 574 2828 Tiberii
605 2770 672 2828 arte
702 2765 924 2848 gravissimum
952 2764 1084 2828 exitium
1111 2764 1212 2847 inrep-

130 2862 136 2883 '
177 2867 262 2946 serit,
297 2866 371 2930 dein
404 2888 584 2951 repressum
618 2868 668 2949 sit,
703 2875 860 2952 postremo
894 2868 1005 2932 arserit
1037 2874 1213 2949 cunctaque

178 2971 369 3055 corripuerit,
402 2978 557 3036 noscatur.
595 2973 727 3038 Falanio
750 2972 908 3039 obiciebat
930 2978 1103 3053 accusator,
1129 2971 1212 3053 quod

176 3074 258 3138 inter
282 3074 415 3138 cultores
438 3074 573 3158 Augusti
600 3075 654 3158 qui
681 3097 737 3160 per
759 3097 869 3142 omnes
896 3076 1005 3141 domos
1027 3078 1060 3139 in
1084 3075 1212 3140 modum

176 3178 379 3261 collegiorum
402 3178 611 3260 habebantur,
647 3180 790 3245 Cassium
813 3180 971 3262 quendam
994 3181 1125 3244 mimum
1149 3198 1212 3244 cor·

177 3303 252 3366 pore
263 3281 415 3346 infamem
431 3282 626 3365 adscivisset,
644 3283 790 3367 quodque
806 3284 943 3349 venditis
958 3284 1057 3349 hortis
1073 3290 1211 3348 statuam

176 3385 311 3470 Augusti
334 3387 426 3451 simul
449 3387 671 3470 mancipasset.
710 3388 828 3453 Rubrio
852 3388 974 3452 crimini
997 3387 1134 3453 dabatur
1148 3387 1212 3452 sio·

176 3490 275 3554 latum
306 3491 441 3574 periurio
469 3511 586 3555 numen
613 3492 757 3575 Augusti.
804 3512 884 3575 quae
918 3492 972 3556 ubi
1002 3492 1128 3557 liberio
1159 3513 1214 3558 no-

176 3600 275 3674 tuere,
292 3594 415 3678 scripsit
431 3594 611 3660 consulibus
627 3616 690 3659 non
705 3595 776 3661 ideo
793 3595 954 3660 decretum
974 3596 1055 3680 patri
1072 3615 1127 3660 suo
1144 3615 1212 3661 cae-

178 3699 252 3778 lum,
276 3704 310 3762 ut
331 3697 365 3761 in
388 3699 557 3783 perniciem
574 3700 690 3764 civium
705 3700 732 3764 is
747 3699 846 3776 honor
862 3705 1042 3765 verteretur.
1068 3700 1214 3765 Cassium

177 3800 362 3867 histrionem
396 3802 521 3867 solitum
554 3803 636 3868 inter
664 3804 743 3869 alios
777 3803 917 3868 eiusdem
951 3803 1028 3868 artis
1060 3804 1214 3869 interesse

21 3908 102 3968 h.
170 3905 264 3987 ludis,
299 3926 378 3989 quos
407 3915 509 3974 mater
531 3928 589 3974 sua
612 3908 645 3972 in
668 3908 853 3974 memoriam
875 3908 1010 3992 Augusti
1040 3915 1212 3993 sacrasset;
