2760 4214
449 202 473 240 a.
487 186 520 240 U.
533 201 555 238 ο.
569 189 628 241 rto.
652 185 810 254 pour-‚aa
1086 169 1147 232 127

108 359 270 443 adsumpti
300 359 491 423 tenebantur
520 379 647 443 prorsus
678 359 746 424 sine
777 358 879 440 modo,
912 379 984 424 eum
1006 359 1149 443 plerique

109 462 211 528 isdem
234 463 369 547 negotiis
392 463 638 527 insenescerent.
670 461 781 546 plebes
795 463 861 526 aeri
877 462 1005 545 quidem
1020 483 1149 528 annona

109 565 313 649 fatigabatur,
338 564 395 630 sed
418 566 504 630 nulla
526 566 559 629 in
583 586 620 630 eo
644 566 738 648 culpa
760 587 801 630 ex
824 565 981 650 principe:
1005 566 1082 648 quin
1104 567 1149 630 in-

110 670 299 735 fecunditati
321 676 474 735 terrarum
497 676 552 733 aut
575 670 696 753 asperis
718 670 814 734 maris
837 671 964 735 obviam
984 669 1030 751 iit,
1054 690 1150 752 quan-

110 781 177 839 tum
207 774 370 859 impendio
401 774 629 857 diligentiaque
659 780 791 857 poterat.
832 780 863 838 et
893 794 934 839 ne
967 774 1150 858 provinciae

110 879 201 944 novis
224 879 373 944 oneribus
395 878 597 943 turbarentur
615 884 713 959 utque
728 884 839 943 vetera
853 879 923 944 sine
938 879 1073 943 avaritia
1095 885 1150 943 aut

111 982 295 1048 crudelitate
316 983 556 1066 magistratuum
572 983 751 1063 tolerarent,
768 982 969 1066 providebat:
988 1002 1151 1067 corporum

110 1088 252 1167 verbera,
276 1085 495 1170 ademptiones
518 1087 672 1151 bonorum
694 1086 837 1151 aberant.
868 1087 932 1150 rari
954 1106 1011 1170 per
1025 1087 1150 1152 ltaliam

111 1191 256 1257 Caesaris
289 1191 368 1274 agri,
402 1189 547 1256 modesta
581 1191 719 1264 servitia,
754 1191 837 1254 intra
869 1211 989 1274 paucos
1020 1191 1151 1257 libertos

110 1295 235 1380 domus3
251 1315 290 1359 ac
302 1295 328 1359 si
341 1295 468 1377 quando
481 1315 552 1359 cum
567 1295 700 1378 privatis
716 1294 916 1378 disceptaret,
933 1294 1036 1361 forum
1048 1302 1079 1360 et
1090 1296 1149 1362 ius.

198 1399 226 1463 t.
251 1397 341 1474 Quae
364 1407 478 1463 cuncta
501 1420 564 1465 non
589 1398 718 1482 quidem
742 1400 823 1464 comi
846 1400 908 1481 via,
933 1399 989 1464 sed
1004 1399 1150 1465 horridus
1199 1393 1293 1515 ἓξὲξ

110 1522 148 1567 ac
170 1504 355 1587 plerumque
378 1502 577 1584 formidatus,
598 1503 755 1567 retinebat
778 1509 894 1584 tamen,
927 1503 1028 1568 donoc
1051 1509 1150 1568 morte
1198 1529 1251 1576 usa
1264 1530 1299 1576 sp

109 1607 205 1671 Drusi
236 1613 446 1672 verterentur:
482 1628 556 1671 nam
587 1607 662 1671 dum
694 1607 858 1692 superfuit,
889 1628 1044 1688 mansere,
1076 1608 1151 1690 quia
1169 1650 1171 1654 ι
1189 1601 1305 1724 mmm

111 1710 245 1775 Seianus
275 1711 448 1794 incipiente
477 1709 582 1775 adhue
608 1711 751 1794 potentia
773 1710 866 1775 bonis
889 1711 1027 1775 consiliis
1050 1717 1151 1776 notes·
1202 1741 1292 1786 estana,

111 1834 182 1879 cere
212 1815 340 1878 volebat
368 1822 399 1879 et
422 1815 503 1878 ultor
525 1814 726 1878 metuebatur
748 1835 811 1879 non
836 1815 977 1880 occultus
1000 1814 1074 1895 odii,
1102 1820 1150 1880 set

111 1918 220 1982 crebro
252 1938 387 1999 querens
417 1918 567 1982 incolumi
597 1918 661 1983 filio
691 1917 869 1983 adiutorem
899 1919 1024 2002 imperii
1053 1919 1150 1989 aliurn

110 2023 225 2086 vocari.
258 2028 289 2086 et
304 2029 458 2103 quantum
474 2042 650 2106 superesse,
674 2029 709 2086 ut
729 2023 850 2106 collega
865 2021 1009 2087 dicatur?
1032 2023 1151 2107 primas

110 2124 295 2190 dominandi
318 2145 392 2209 spes
408 2125 440 2188 in
456 2124 569 2190 arduo:
592 2126 647 2190 ubi
664 2127 707 2190 sis
722 2125 893 2210 ingressus
917 2125 1031 2192 adesse
1047 2126 1151 2192 studia

110 2235 142 2293 et
157 2230 326 2294 ministros.
358 2235 521 2294 exstructa
543 2230 607 2293 iam
627 2236 741 2313 sponte
756 2230 908 2315 praefecti
925 2238 1036 2311 castra,
1060 2229 1151 2295 datos

111 2333 145 2396 in
175 2354 304 2398 manum
335 2333 466 2417 milites;
499 2334 584 2398 cerni
615 2333 756 2417 effigiem
787 2334 855 2399 eius
885 2335 918 2398 in
949 2335 1151 2399 monimentis

111 2437 168 2502 On.
193 2437 338 2522 Pompei;
372 2457 554 2502 communes
579 2438 625 2501 illi
652 2437 774 2502 familia
796 2457 867 2502 cunr
889 2437 1062 2503 Drusorum
1084 2438 1152 2503 fore

93 2548 256 2626 nepotes:
287 2541 481 2625 precandam
504 2548 575 2625 post
598 2540 678 2606 haee
700 2540 897 2620 modestiam,
929 2547 963 2605 ut
986 2547 1152 2607 contentus

112 2653 205 2711 esset.
243 2665 348 2728 neque
370 2666 440 2710 raro
463 2665 568 2727 neque
590 2644 676 2729 apud
699 2664 817 2728 paucos
840 2644 916 2708 talia
939 2645 1085 2725 iaciebat,
1121 2650 1153 2708 et

111 2756 234 2814 secreta
257 2769 382 2832 quoque
406 2749 473 2814 eius
496 2755 644 2832 corrupta
666 2768 766 2813 uxore
789 2748 1012 2834 prodebantur.

200 2854 228 2917 8.
250 2854 350 2937 Igitur
365 2854 501 2919 Seianus
516 2852 739 2917 maturandum
755 2860 842 2917 ratus
857 2851 968 2935 deligit
982 2872 1151 2934 venenum,
1171 2863 1326 2918 sturnorum

113 2977 176 3038 quo
206 2957 359 3041 paulatim
388 2958 554 3041 inrepente
577 2956 725 3022 fortuitus
748 2957 877 3023 morbus
899 2956 1150 3023 adsimularetur.
1184 2933 1313 3074 adddit

112 3060 146 3125 id
168 3062 271 3126 Druso
302 3060 410 3125 datum
440 3081 497 3145 per
519 3060 670 3144 Lygdum
701 3059 886 3144 spadonem,
916 3066 952 3124 ut
981 3067 1051 3125 octo
1081 3066 1153 3145 post
1228 3092 1265 3135 m

112 3184 214 3229 annos
243 3165 404 3248 cognitum
432 3171 488 3230 est.
529 3171 667 3229 ceterum
690 3164 837 3228 Tiberius
858 3184 915 3247 per
938 3185 1047 3230 omnes
1070 3166 1153 3229 vale
1171 3160 1324 3207 mm·

113 3268 232 3334 tudinis
262 3268 330 3333 eius
358 3268 436 3349 dies,
467 3268 552 3332 nullo
577 3275 662 3333 metu
685 3288 726 3331 an
749 3273 784 3331 ut
806 3267 1031 3332 firmitudinem
1054 3267 1153 3332 animi

113 3379 295 3455 ostentaret,
333 3371 428 3436 etiam
461 3371 611 3437 defuneto
641 3371 777 3436 necdum
808 3371 929 3455 sepulto
961 3371 1078 3435 curiam
1108 3371 1153 3435 in-

112 3496 240 3560 gressus
264 3483 321 3541 est.
354 3477 562 3558 consulesque
585 3476 661 3541 sede
684 3475 808 3559 vulgari
830 3495 887 3559 per
909 3474 1047 3558 speeiem
1071 3495 1153 3539 mae-

113 3581 217 3645 stitiae
241 3579 389 3646 sedentes
412 3580 540 3644 honoris
562 3579 686 3662 locique
708 3579 873 3644 admonuit
896 3584 927 3642 et
958 3579 1092 3643 effusum
1120 3579 1152 3641 in

113 3684 260 3750 lacrimas
289 3691 436 3750 senatum
465 3684 549 3748 victo
579 3684 699 3768 gemitu
723 3682 816 3748 simul
838 3681 980 3747 oratione
1004 3681 1154 3746 continua

113 3788 228 3852 erexit:
253 3809 316 3855 non
341 3788 469 3871 quidem
492 3787 554 3853 sibi
576 3787 724 3869 ignarum
747 3805 841 3870 posse
863 3785 964 3869 argui,
989 3785 1072 3866 qnod
1087 3792 1153 3848 tam

112 3892 232 3956 recenti
255 3891 362 3958 dolore
385 3890 516 3957 subierit
538 3891 646 3957 oculos
669 3897 815 3956 senatus:
836 3889 898 3954 uir
906 3886 1172 3972 propinquorum
