2760 4214
451 188 475 224 a.
489 172 522 227 U.
535 187 558 225 c.
572 174 631 227 772.
657 188 684 239 p.
698 169 761 224 Chr.
776 173 816 226 19.
1111 153 1152 218 83

199 344 250 411 81.
272 346 404 411 Interim
427 346 500 412 Piso
530 345 664 410 classem
691 343 777 409 haud
803 344 913 429 procul
935 344 1154 428 opperientem
1195 355 1271 461 tw

111 450 298 535 adpugnare
322 449 438 514 frustra
460 448 646 533 temptavit;
670 467 895 532 regressusque
918 453 950 512 et
971 468 1029 530 pro
1044 448 1153 528 muris,
1179 417 1323 539 „mist

113 553 207 620 modo
238 559 337 619 semet
369 546 572 632 adflictando,
604 551 698 617 modo
730 552 871 635 singulos
901 551 1029 617 nomine
1057 551 1154 632 ciens,
1198 554 1301 609 scattio-

112 657 262 742 praemiis
292 677 420 736 vocans,
459 656 648 722 seditionem
681 656 860 739 coeptabat,
900 654 1044 737 adeoque
1076 674 1155 720 com·

112 766 266 841 moverat,
297 766 332 824 ut
365 759 499 844 signifer
532 760 666 843 legionis
701 765 812 824 sextae
847 759 973 843 signum
1007 757 1049 823 ad
1083 778 1156 823 eum

114 865 317 929 transtulerit.
357 871 424 928 tum
447 864 575 930 Sentius
606 883 759 928 occanere
789 883 908 928 cornua
937 863 1094 945 tubasque
1125 868 1156 927 et

113 968 180 1052 peti
194 987 354 1052 aggerem,
379 968 457 1052 erigi
474 968 576 1032 scalas
591 967 692 1047 iussit,
712 987 750 1030 ac
765 966 1035 1050 promptissimum
1052 985 1157 1048 quem·

115 1091 176 1153 que
203 1070 383 1152 succedere,
414 1071 492 1136 alios
521 1071 686 1136 tormentis
713 1069 822 1134 hastas
845 1089 926 1134 saxa
948 1076 980 1135 et
1003 1069 1090 1135 faces
1113 1070 1156 1134 in-

113 1195 233 1259 gerere.
273 1173 402 1239 tandem
430 1175 516 1239 ricta
537 1175 713 1258 pertinacia
735 1174 808 1239 Piso
832 1174 943 1254 oravit,
975 1180 1010 1238 ut
1032 1172 1157 1237 traditis

114 1279 210 1344 armis
232 1285 376 1344 maneret
398 1279 430 1342 in
454 1278 593 1359 castello,
617 1277 692 1342 dum
716 1278 844 1358 Caesar,
869 1278 919 1342 cui
943 1277 1067 1343 Suriam
1089 1298 1157 1360 per-

113 1383 262 1463 mitteret,
286 1384 468 1448 consulitur.
501 1405 565 1448 non
588 1389 735 1466 receptae
759 1380 971 1462 condiciones,
995 1401 1055 1446 nec
1070 1380 1157 1446 aliud

115 1506 211 1568 quam
233 1507 333 1552 naves
357 1494 388 1553 et
410 1493 512 1552 tutum
535 1488 569 1551 in
592 1488 703 1552 urbem
726 1488 786 1551 iter
809 1505 994 1552 concessum
1018 1492 1074 1551 est.

202 1591 253 1656 82.
281 1591 324 1655 At
346 1592 477 1671 Romae,
509 1597 677 1675 postquam
699 1590 880 1656 Germanici
910 1587 1058 1654 valetudo
1090 1608 1157 1673 per-

114 1695 253 1759 crebruit
275 1701 450 1776 cunctaque
474 1702 507 1758 ut
531 1715 572 1759 ex
594 1695 766 1778 longinquo
790 1700 883 1758 aucta
901 1693 935 1757 in
951 1691 1089 1758 deterius
1105 1690 1157 1755 ad-

35 1837 38 1844 ·
114 1798 308 1880 ferebantur,
338 1798 427 1865 dolor
456 1800 513 1880 ira,
545 1805 577 1865 et
605 1799 813 1883 erumpebant
841 1803 979 1880 questus.
1018 1795 1089 1862 ideo
1113 1794 1157 1860 ni·

115 1902 229 1966 mirum
258 1903 292 1966 in
323 1908 482 1968 extremas
511 1909 612 1967 terras
642 1902 826 1985 relegatum,
857 1900 929 1967 ideo
952 1901 1059 1966 Pisoni
1090 1920 1157 1984 per-

114 2006 245 2071 missam
274 2006 486 2091 provinciam;
518 2005 578 2072 hoc
607 2006 711 2090 egisse
739 2011 877 2071 secretos
899 2006 1063 2089 Augustae
1086 2024 1156 2068 cum

116 2110 270 2174 Plancina
300 2130 471 2176 sermones.
510 2130 587 2175 vera
609 2130 737 2194 prorsus
761 2108 801 2174 de
823 2111 927 2175 Druso
951 2109 1094 2175 seniores
1117 2107 1158 2174 lo-

116 2219 220 2278 cutos:
244 2212 412 2299 displicere
434 2215 641 2298 regnantibus
664 2214 771 2278 civilia
793 2213 928 2278 filiorum
943 2214 1082 2297 ingenia,
1106 2232 1157 2278 ne·

115 2336 178 2398 que
201 2318 240 2382 ob
264 2317 352 2382 aliud
375 2319 577 2402 interceptos,
602 2338 695 2399 quarn
719 2318 793 2399 quia
813 2318 964 2401 populum
980 2318 1158 2382 Romanum

115 2439 217 2502 aequo
244 2421 312 2487 iure
339 2423 506 2506 complecti
534 2420 659 2487 reddita
685 2422 831 2486 libertate
854 2422 1053 2505 agitaverint.
1100 2419 1158 2486 hos

116 2525 203 2609 vulgi
227 2545 389 2592 sermones
412 2525 522 2591 audita
544 2547 629 2592 mors
651 2525 732 2591 adeo
748 2525 899 2605 incendit,
923 2532 957 2591 ut
979 2531 1055 2590 ante
1077 2523 1158 2588 edic-

116 2634 182 2691 tum
198 2630 450 2713 magistratuum,
472 2636 547 2697 ante
563 2635 692 2695 senatus
708 2629 884 2694 consultum
900 2634 1024 2710 sumpto
1039 2627 1158 2693 iustitio

115 2731 336 2798 desererentur
365 2733 444 2815 fora,
475 2733 696 2799 clauderentur
723 2732 843 2798 domus
882 2732 1002 2816 passim
1032 2731 1159 2796 silentia

116 2841 148 2900 et
166 2837 312 2920 gemitus,
336 2836 415 2902 nihil
438 2838 646 2921 compositum
668 2838 702 2901 in
724 2836 982 2919 ostentationem,
1006 2841 1039 2899 et
1053 2855 1158 2917 quarn·
1247 2833 1249 2838 ’

116 2959 212 3020 quarn
235 2961 339 3023 neque
361 2942 540 3026 insignibus
562 2941 739 3025 lugentium
754 2941 961 3021 abstinerent,
984 2939 1079 3005 altius
1094 2939 1159 3003 ani·

116 3043 176 3108 mis
206 3045 400 3109 maerebant.
439 3045 521 3111 forte
551 3045 774 3128 negotiatores,
805 3044 934 3109 vivente
957 3042 1159 3108 adhcher-

116 3148 241 3214 manico
257 3148 351 3213 Suria
374 3150 503 3233 egressi,
525 3150 659 3215 laetiora
674 3148 716 3213 de
732 3148 914 3213 valetudine
931 3149 999 3213 eius
1013 3148 1156 3212 attulere.

116 3251 223 3314 statim
246 3252 376 3334 credita,
405 3253 512 3318 statim
535 3253 665 3337 vulgata
687 3259 775 3318 sunt:
807 3259 841 3317 ut
871 3253 1005 3334 quisque
1034 3252 1157 3332 obvius,

117 3355 262 3435 quamvis
284 3356 396 3422 leviter
418 3355 527 3421 audita
549 3357 583 3421 in
604 3357 683 3422 alios
706 3362 802 3438 atque
824 3356 869 3419 illi
884 3356 918 3419 in
933 3356 1038 3439 plures
1055 3374 1159 3420 cumu-

116 3458 181 3522 lata
209 3459 327 3543 gaudio
357 3461 561 3526 transferunt.
599 3467 728 3526 cursant
757 3480 815 3544 per
836 3460 958 3540 urbem,
988 3460 1159 3525 moliuntur

116 3562 303 3646 templorum
330 3563 429 3647 fores3
460 3564 548 3628 iuvat
578 3564 797 3630 credulitatem
827 3584 893 3629 nox
924 3570 955 3628 et
986 3563 1160 3647 promptior

115 3665 197 3730 inter
225 3667 374 3733 tenebras
408 3666 598 3734 adfirmatio.
637 3688 698 3733 nec
729 3667 852 3734 obstitit
883 3666 972 3732 falsis
1001 3667 1158 3748 Tiberius,

115 3767 217 3833 donec
239 3776 381 3854 tempore
403 3791 442 3836 ac
464 3772 567 3854 spatio
589 3777 812 3837 vanescerent:
845 3777 877 3836 et
905 3770 1041 3855 populus
1068 3771 1159 3852 quasi

116 3892 238 3937 rursum
261 3881 404 3959 ereptum
426 3875 532 3940 acrius
554 3874 665 3941 doluit.

1042 3976 1076 4026 Q*
