<?xml version="1.0" encoding="UTF-8"?>
<!DOCTYPE html PUBLIC "-//W3C//DTD XHTML 1.0 Transitional//EN"
    "http://www.w3.org/TR/xhtml1/DTD/xhtml1-transitional.dtd">
<html xmlns="http://www.w3.org/1999/xhtml" xml:lang="en" lang="en">
 <head>
  <title>
</title>
<meta http-equiv="Content-Type" content="text/html;charset=utf-8" />
  <meta name='ocr-system' content='tesseract 3.04.00' />
  <meta name='ocr-capabilities' content='ocr_page ocr_carea ocr_par ocr_line ocrx_word'/>
</head>
<body>
  <div class='ocr_page' id='page_1' title='image "./annalen00tacigoog_0049.png"; bbox 0 0 2760 4214; ppageno 0'>
   <div class='ocr_carea' id='block_1_1' title="bbox 502 167 1198 254">
    <p class='ocr_par' dir='ltr' id='par_1_1' title="bbox 502 167 1198 254">
     <span class='ocr_line' id='line_1_1' title="bbox 502 167 1198 254; baseline 0 -14"><span class='ocrx_word' id='word_1_1' title='bbox 502 183 864 254; x_wconf 60' lang='lat' dir='ltr'>autecessorum.</span> <span class='ocrx_word' id='word_1_2' title='bbox 1157 167 1198 231; x_wconf 79' lang='lat'>27</span> 
     </span>
    </p>
   </div>
   <div class='ocr_carea' id='block_1_2' title="bbox 164 356 1373 3880">
    <p class='ocr_par' dir='ltr' id='par_1_2' title="bbox 164 356 1366 2001">
     <span class='ocr_line' id='line_1_2' title="bbox 250 356 1320 470; baseline 0.001 -50"><span class='ocrx_word' id='word_1_3' title='bbox 250 357 301 421; x_wconf 84' lang='lat'>48.</span> <span class='ocrx_word' id='word_1_4' title='bbox 330 359 372 423; x_wconf 86' lang='lat' dir='ltr'>At</span> <span class='ocrx_word' id='word_1_5' title='bbox 402 358 617 440; x_wconf 81' lang='lat' dir='ltr'>Germanicus,</span> <span class='ocrx_word' id='word_1_6' title='bbox 649 380 840 442; x_wconf 91' lang='lat' dir='ltr'>quamquam</span> <span class='ocrx_word' id='word_1_7' title='bbox 870 365 1029 425; x_wconf 88' lang='lat' dir='ltr'>contracto</span> <span class='ocrx_word' id='word_1_8' title='bbox 1060 358 1201 424; x_wconf 82' lang='lat' dir='ltr'>exercitu</span> <span class='ocrx_word' id='word_1_9' title='bbox 1236 356 1320 470; x_wconf 48' lang='lat'>1²³⁰*</span> 
     </span>
     <span class='ocr_line' id='line_1_3' title="bbox 165 426 1366 546; baseline 0.001 -22"><span class='ocrx_word' id='word_1_10' title='bbox 165 466 196 525; x_wconf 88' lang='lat' dir='ltr'>et</span> <span class='ocrx_word' id='word_1_11' title='bbox 219 468 329 545; x_wconf 91' lang='lat' dir='ltr'>parata</span> <span class='ocrx_word' id='word_1_12' title='bbox 351 461 384 527; x_wconf 91' lang='lat' dir='ltr'>in</span> <span class='ocrx_word' id='word_1_13' title='bbox 407 462 582 529; x_wconf 79' lang='lat' dir='ltr'>defectores</span> <span class='ocrx_word' id='word_1_14' title='bbox 609 464 737 545; x_wconf 88' lang='lat' dir='ltr'>ultione,</span> <span class='ocrx_word' id='word_1_15' title='bbox 765 462 906 528; x_wconf 90' lang='lat' dir='ltr'>dandum</span> <span class='ocrx_word' id='word_1_16' title='bbox 933 461 1038 527; x_wconf 92' lang='lat' dir='ltr'>adhuc</span> <span class='ocrx_word' id='word_1_17' title='bbox 1065 462 1201 546; x_wconf 92' lang='lat' dir='ltr'>spatium</span> <span class='ocrx_word' id='word_1_18' title='bbox 1225 426 1366 540; x_wconf 46' lang='lat' dir='ltr'>Nimim,</span> 
     </span>
     <span class='ocr_line' id='line_1_4' title="bbox 164 565 1202 651; baseline 0.002 -25"><span class='ocrx_word' id='word_1_19' title='bbox 164 569 262 645; x_wconf 88' lang='lat' dir='ltr'>ratus,</span> <span class='ocrx_word' id='word_1_20' title='bbox 286 565 312 629; x_wconf 93' lang='lat' dir='ltr'>si</span> <span class='ocrx_word' id='word_1_21' title='bbox 331 565 451 630; x_wconf 80' lang='lat' dir='ltr'>recenti</span> <span class='ocrx_word' id='word_1_22' title='bbox 470 567 615 650; x_wconf 88' lang='lat' dir='ltr'>exemplo</span> <span class='ocrx_word' id='word_1_23' title='bbox 635 567 696 630; x_wconf 93' lang='lat' dir='ltr'>sibi</span> <span class='ocrx_word' id='word_1_24' title='bbox 715 566 776 651; x_wconf 90' lang='lat' dir='ltr'>ipsi</span> <span class='ocrx_word' id='word_1_25' title='bbox 797 567 1006 647; x_wconf 81' lang='lat' dir='ltr'>consulerent,</span> <span class='ocrx_word' id='word_1_26' title='bbox 1029 565 1202 650; x_wconf 90' lang='lat' dir='ltr'>praemittit</span> 
     </span>
     <span class='ocr_line' id='line_1_5' title="bbox 166 669 1202 754; baseline 0.002 -22"><span class='ocrx_word' id='word_1_27' title='bbox 166 669 274 735; x_wconf 90' lang='lat' dir='ltr'>literas</span> <span class='ocrx_word' id='word_1_28' title='bbox 295 669 338 733; x_wconf 93' lang='lat' dir='ltr'>ad</span> <span class='ocrx_word' id='word_1_29' title='bbox 360 670 540 752; x_wconf 82' lang='lat' dir='ltr'>Caecinam,</span> <span class='ocrx_word' id='word_1_30' title='bbox 564 671 673 736; x_wconf 88' lang='lat' dir='ltr'>venire</span> <span class='ocrx_word' id='word_1_31' title='bbox 696 691 731 736; x_wconf 89' lang='lat' dir='ltr'>se</span> <span class='ocrx_word' id='word_1_32' title='bbox 753 670 860 736; x_wconf 89' lang='lat' dir='ltr'>valida</span> <span class='ocrx_word' id='word_1_33' title='bbox 882 691 978 736; x_wconf 88' lang='lat' dir='ltr'>manu</span> <span class='ocrx_word' id='word_1_34' title='bbox 1001 690 1049 752; x_wconf 85' lang='lat' dir='ltr'>ao,</span> <span class='ocrx_word' id='word_1_35' title='bbox 1076 671 1110 734; x_wconf 94' lang='lat' dir='ltr'>ni</span> <span class='ocrx_word' id='word_1_36' title='bbox 1132 689 1202 754; x_wconf 93' lang='lat' dir='ltr'>sup·</span> 
     </span>
     <span class='ocr_line' id='line_1_6' title="bbox 166 772 1210 860; baseline 0.007 -24"><span class='ocrx_word' id='word_1_37' title='bbox 166 773 293 856; x_wconf 88' lang='lat' dir='ltr'>plicium</span> <span class='ocrx_word' id='word_1_38' title='bbox 316 775 349 838; x_wconf 94' lang='lat' dir='ltr'>in</span> <span class='ocrx_word' id='word_1_39' title='bbox 377 776 475 841; x_wconf 91' lang='lat' dir='ltr'>malos</span> <span class='ocrx_word' id='word_1_40' title='bbox 504 782 717 860; x_wconf 85' lang='lat' dir='ltr'>praesumant,</span> <span class='ocrx_word' id='word_1_41' title='bbox 748 796 876 841; x_wconf 89' lang='lat' dir='ltr'>usurum</span> <span class='ocrx_word' id='word_1_42' title='bbox 907 775 1062 859; x_wconf 86' lang='lat' dir='ltr'>promisca</span> <span class='ocrx_word' id='word_1_43' title='bbox 1093 772 1210 843; x_wconf 82' lang='lat' dir='ltr'>caede..</span> 
     </span>
     <span class='ocr_line' id='line_1_7' title="bbox 166 877 1202 962; baseline 0.002 -21"><span class='ocrx_word' id='word_1_44' title='bbox 166 897 221 942; x_wconf 89' lang='lat' dir='ltr'>eas</span> <span class='ocrx_word' id='word_1_45' title='bbox 252 877 390 942; x_wconf 78' lang='lat' dir='ltr'>Caecina</span> <span class='ocrx_word' id='word_1_46' title='bbox 419 879 593 960; x_wconf 82' lang='lat' dir='ltr'>aquiliferis</span> <span class='ocrx_word' id='word_1_47' title='bbox 626 879 848 962; x_wconf 85' lang='lat' dir='ltr'>signiferisque</span> <span class='ocrx_word' id='word_1_48' title='bbox 883 886 913 944; x_wconf 90' lang='lat' dir='ltr'>et</span> <span class='ocrx_word' id='word_1_49' title='bbox 946 878 1031 962; x_wconf 91' lang='lat' dir='ltr'>quod</span> <span class='ocrx_word' id='word_1_50' title='bbox 1064 879 1202 943; x_wconf 84' lang='lat' dir='ltr'>maxime</span> 
     </span>
     <span class='ocr_line' id='line_1_8' title="bbox 166 983 1202 1066; baseline 0.001 -21"><span class='ocrx_word' id='word_1_51' title='bbox 166 986 338 1046; x_wconf 88' lang='lat' dir='ltr'>castrorum</span> <span class='ocrx_word' id='word_1_52' title='bbox 366 983 522 1048; x_wconf 89' lang='lat' dir='ltr'>sincerum</span> <span class='ocrx_word' id='word_1_53' title='bbox 550 990 617 1048; x_wconf 88' lang='lat' dir='ltr'>erat</span> <span class='ocrx_word' id='word_1_54' title='bbox 643 986 764 1049; x_wconf 90' lang='lat' dir='ltr'>occulte</span> <span class='ocrx_word' id='word_1_55' title='bbox 793 985 915 1065; x_wconf 88' lang='lat' dir='ltr'>recitat,</span> <span class='ocrx_word' id='word_1_56' title='bbox 946 989 1044 1066; x_wconf 91' lang='lat' dir='ltr'>utque</span> <span class='ocrx_word' id='word_1_57' title='bbox 1074 988 1202 1047; x_wconf 88' lang='lat' dir='ltr'>cunctos</span> 
     </span>
     <span class='ocr_line' id='line_1_9' title="bbox 166 1084 1202 1172; baseline 0.002 -24"><span class='ocrx_word' id='word_1_58' title='bbox 166 1084 327 1168; x_wconf 76' lang='lat' dir='ltr'>infamiae,</span> <span class='ocrx_word' id='word_1_59' title='bbox 351 1106 385 1150; x_wconf 87' lang='lat' dir='ltr'>se</span> <span class='ocrx_word' id='word_1_60' title='bbox 407 1086 492 1172; x_wconf 74' lang='lat' dir='ltr'>ipsos</span> <span class='ocrx_word' id='word_1_61' title='bbox 514 1088 607 1153; x_wconf 91' lang='lat' dir='ltr'>morti</span> <span class='ocrx_word' id='word_1_62' title='bbox 630 1089 771 1154; x_wconf 81' lang='lat' dir='ltr'>eximant</span> <span class='ocrx_word' id='word_1_63' title='bbox 793 1087 947 1154; x_wconf 85' lang='lat' dir='ltr'>hortatur:</span> <span class='ocrx_word' id='word_1_64' title='bbox 971 1109 1046 1153; x_wconf 88' lang='lat' dir='ltr'>nam</span> <span class='ocrx_word' id='word_1_65' title='bbox 1069 1087 1202 1170; x_wconf 81' lang='lat' dir='ltr'>inpane</span> 
     </span>
     <span class='ocr_line' id='line_1_10' title="bbox 168 1191 1203 1277; baseline 0.001 -25"><span class='ocrx_word' id='word_1_66' title='bbox 168 1209 280 1254; x_wconf 88' lang='lat' dir='ltr'>causas</span> <span class='ocrx_word' id='word_1_67' title='bbox 300 1195 332 1255; x_wconf 90' lang='lat' dir='ltr'>et</span> <span class='ocrx_word' id='word_1_68' title='bbox 351 1191 463 1256; x_wconf 90' lang='lat' dir='ltr'>merita</span> <span class='ocrx_word' id='word_1_69' title='bbox 483 1192 632 1277; x_wconf 79' lang='lat' dir='ltr'>spectari3</span> <span class='ocrx_word' id='word_1_70' title='bbox 657 1193 711 1258; x_wconf 93' lang='lat' dir='ltr'>ubi</span> <span class='ocrx_word' id='word_1_71' title='bbox 726 1193 843 1258; x_wconf 90' lang='lat' dir='ltr'>bellurn</span> <span class='ocrx_word' id='word_1_72' title='bbox 859 1193 995 1276; x_wconf 82' lang='lat' dir='ltr'>ingruat,</span> <span class='ocrx_word' id='word_1_73' title='bbox 1018 1192 1203 1256; x_wconf 88' lang='lat' dir='ltr'>innocentes</span> 
     </span>
     <span class='ocr_line' id='line_1_11' title="bbox 167 1294 1203 1380; baseline 0 -23"><span class='ocrx_word' id='word_1_74' title='bbox 167 1312 206 1357; x_wconf 91' lang='lat' dir='ltr'>ae</span> <span class='ocrx_word' id='word_1_75' title='bbox 228 1294 341 1359; x_wconf 86' lang='lat' dir='ltr'>noxios</span> <span class='ocrx_word' id='word_1_76' title='bbox 363 1295 454 1359; x_wconf 86' lang='lat' dir='ltr'>iuxta</span> <span class='ocrx_word' id='word_1_77' title='bbox 477 1295 598 1361; x_wconf 86' lang='lat' dir='ltr'>cadere.</span> <span class='ocrx_word' id='word_1_78' title='bbox 644 1296 688 1360; x_wconf 92' lang='lat' dir='ltr'>illi</span> <span class='ocrx_word' id='word_1_79' title='bbox 715 1297 877 1380; x_wconf 89' lang='lat' dir='ltr'>temptatis</span> <span class='ocrx_word' id='word_1_80' title='bbox 904 1315 983 1379; x_wconf 88' lang='lat' dir='ltr'>quos</span> <span class='ocrx_word' id='word_1_81' title='bbox 1005 1294 1136 1359; x_wconf 90' lang='lat' dir='ltr'>idoneos</span> <span class='ocrx_word' id='word_1_82' title='bbox 1158 1313 1203 1357; x_wconf 89' lang='lat' dir='ltr'>re·</span> 
     </span>
     <span class='ocr_line' id='line_1_12' title="bbox 168 1396 1203 1484; baseline 0.001 -24"><span class='ocrx_word' id='word_1_83' title='bbox 168 1397 291 1479; x_wconf 90' lang='lat' dir='ltr'>bantur,</span> <span class='ocrx_word' id='word_1_84' title='bbox 322 1405 490 1481; x_wconf 88' lang='lat' dir='ltr'>postquam</span> <span class='ocrx_word' id='word_1_85' title='bbox 520 1401 669 1465; x_wconf 90' lang='lat' dir='ltr'>maiorem</span> <span class='ocrx_word' id='word_1_86' title='bbox 699 1401 859 1483; x_wconf 87' lang='lat' dir='ltr'>legionum</span> <span class='ocrx_word' id='word_1_87' title='bbox 889 1399 1072 1484; x_wconf 89' lang='lat' dir='ltr'>partemin</span> <span class='ocrx_word' id='word_1_88' title='bbox 1099 1396 1203 1462; x_wconf 90' lang='lat' dir='ltr'>officio</span> 
     </span>
     <span class='ocr_line' id='line_1_13' title="bbox 167 1499 1203 1587; baseline 0 -23"><span class='ocrx_word' id='word_1_89' title='bbox 167 1500 287 1583; x_wconf 92' lang='lat' dir='ltr'>vident,</span> <span class='ocrx_word' id='word_1_90' title='bbox 315 1502 356 1567; x_wconf 90' lang='lat' dir='ltr'>de</span> <span class='ocrx_word' id='word_1_91' title='bbox 379 1504 539 1568; x_wconf 87' lang='lat' dir='ltr'>sententia</span> <span class='ocrx_word' id='word_1_92' title='bbox 560 1504 658 1587; x_wconf 88' lang='lat' dir='ltr'>legati</span> <span class='ocrx_word' id='word_1_93' title='bbox 681 1511 823 1570; x_wconf 90' lang='lat' dir='ltr'>statuunt</span> <span class='ocrx_word' id='word_1_94' title='bbox 845 1510 978 1587; x_wconf 90' lang='lat' dir='ltr'>tempus,</span> <span class='ocrx_word' id='word_1_95' title='bbox 1007 1523 1068 1585; x_wconf 91' lang='lat' dir='ltr'>quo</span> <span class='ocrx_word' id='word_1_96' title='bbox 1091 1499 1203 1566; x_wconf 78' lang='lat' dir='ltr'>foediu-</span> 
     </span>
     <span class='ocr_line' id='line_1_14' title="bbox 167 1604 1202 1693; baseline -0.002 -23"><span class='ocrx_word' id='word_1_97' title='bbox 167 1605 282 1670; x_wconf 90' lang='lat' dir='ltr'>simum</span> <span class='ocrx_word' id='word_1_98' title='bbox 309 1627 465 1690; x_wconf 87' lang='lat' dir='ltr'>quemque</span> <span class='ocrx_word' id='word_1_99' title='bbox 493 1613 524 1673; x_wconf 90' lang='lat' dir='ltr'>et</span> <span class='ocrx_word' id='word_1_100' title='bbox 551 1606 700 1675; x_wconf 87' lang='lat' dir='ltr'>seditioni</span> <span class='ocrx_word' id='word_1_101' title='bbox 725 1615 903 1693; x_wconf 90' lang='lat' dir='ltr'>promptum</span> <span class='ocrx_word' id='word_1_102' title='bbox 930 1607 1012 1673; x_wconf 91' lang='lat' dir='ltr'>ferro</span> <span class='ocrx_word' id='word_1_103' title='bbox 1040 1604 1202 1670; x_wconf 87' lang='lat' dir='ltr'>invadant.</span> 
     </span>
     <span class='ocr_line' id='line_1_15' title="bbox 167 1709 1204 1797; baseline -0.001 -24"><span class='ocrx_word' id='word_1_104' title='bbox 167 1715 244 1773; x_wconf 88' lang='lat' dir='ltr'>tunc</span> <span class='ocrx_word' id='word_1_105' title='bbox 271 1710 362 1794; x_wconf 88' lang='lat' dir='ltr'>signo</span> <span class='ocrx_word' id='word_1_106' title='bbox 389 1712 472 1776; x_wconf 91' lang='lat' dir='ltr'>inter</span> <span class='ocrx_word' id='word_1_107' title='bbox 499 1732 533 1777; x_wconf 92' lang='lat' dir='ltr'>se</span> <span class='ocrx_word' id='word_1_108' title='bbox 561 1711 635 1777; x_wconf 87' lang='lat' dir='ltr'>dato</span> <span class='ocrx_word' id='word_1_109' title='bbox 662 1713 845 1797; x_wconf 90' lang='lat' dir='ltr'>inrumpunt</span> <span class='ocrx_word' id='word_1_110' title='bbox 868 1710 1083 1790; x_wconf 88' lang='lat' dir='ltr'>contubernia,</span> <span class='ocrx_word' id='word_1_111' title='bbox 1113 1709 1204 1773; x_wconf 88' lang='lat' dir='ltr'>truci-</span> 
     </span>
     <span class='ocr_line' id='line_1_16' title="bbox 168 1811 1203 1898; baseline 0.001 -22"><span class='ocrx_word' id='word_1_112' title='bbox 168 1811 246 1877; x_wconf 92' lang='lat' dir='ltr'>dant</span> <span class='ocrx_word' id='word_1_113' title='bbox 273 1815 409 1898; x_wconf 89' lang='lat' dir='ltr'>ignaros,</span> <span class='ocrx_word' id='word_1_114' title='bbox 440 1816 525 1881; x_wconf 92' lang='lat' dir='ltr'>nullo</span> <span class='ocrx_word' id='word_1_115' title='bbox 553 1816 615 1882; x_wconf 93' lang='lat' dir='ltr'>nisi</span> <span class='ocrx_word' id='word_1_116' title='bbox 644 1816 777 1882; x_wconf 88' lang='lat' dir='ltr'>consciis</span> <span class='ocrx_word' id='word_1_117' title='bbox 804 1823 955 1882; x_wconf 88' lang='lat' dir='ltr'>noscente</span> <span class='ocrx_word' id='word_1_118' title='bbox 986 1814 1069 1898; x_wconf 90' lang='lat' dir='ltr'>qnod</span> <span class='ocrx_word' id='word_1_119' title='bbox 1097 1813 1203 1879; x_wconf 91' lang='lat' dir='ltr'>caedis</span> 
     </span>
     <span class='ocr_line' id='line_1_17' title="bbox 167 1917 499 2001; baseline 0.015 -20"><span class='ocrx_word' id='word_1_120' title='bbox 167 1917 301 2000; x_wconf 91' lang='lat' dir='ltr'>initium,</span> <span class='ocrx_word' id='word_1_121' title='bbox 326 1920 396 2001; x_wconf 89' lang='lat' dir='ltr'>quis</span> <span class='ocrx_word' id='word_1_122' title='bbox 417 1919 499 1986; x_wconf 89' lang='lat' dir='ltr'>finis.</span> 
     </span>
    </p>

    <p class='ocr_par' dir='ltr' id='par_1_3' title="bbox 167 2018 1372 3254">
     <span class='ocr_line' id='line_1_18' title="bbox 254 2018 1372 2141; baseline 0 -57"><span class='ocrx_word' id='word_1_123' title='bbox 254 2022 306 2086; x_wconf 84' lang='grc'>49.</span> <span class='ocrx_word' id='word_1_124' title='bbox 330 2023 466 2089; x_wconf 88' lang='lat' dir='ltr'>Diversa</span> <span class='ocrx_word' id='word_1_125' title='bbox 488 2025 637 2106; x_wconf 91' lang='lat' dir='ltr'>omnium,</span> <span class='ocrx_word' id='word_1_126' title='bbox 669 2046 751 2108; x_wconf 90' lang='lat' dir='ltr'>quae</span> <span class='ocrx_word' id='word_1_127' title='bbox 773 2045 922 2108; x_wconf 90' lang='lat' dir='ltr'>nmquam</span> <span class='ocrx_word' id='word_1_128' title='bbox 945 2023 1099 2106; x_wconf 88' lang='lat' dir='ltr'>accidere,</span> <span class='ocrx_word' id='word_1_129' title='bbox 1131 2021 1203 2085; x_wconf 82' lang='lat' dir='ltr'>civi·</span> <span class='ocrx_word' id='word_1_130' title='bbox 1230 2018 1372 2141; x_wconf 53' lang='grc' dir='ltr'>Θῐῑὲῑίἒὲῖηῑ</span> 
     </span>
     <span class='ocr_line' id='line_1_19' title="bbox 167 2117 1338 2212; baseline -0.001 -23"><span class='ocrx_word' id='word_1_131' title='bbox 167 2124 244 2189; x_wconf 93' lang='lat' dir='ltr'>lium</span> <span class='ocrx_word' id='word_1_132' title='bbox 266 2145 423 2191; x_wconf 91' lang='lat' dir='ltr'>armorum</span> <span class='ocrx_word' id='word_1_133' title='bbox 445 2126 552 2192; x_wconf 77' lang='lat' dir='ltr'>facies,</span> <span class='ocrx_word' id='word_1_134' title='bbox 584 2149 647 2194; x_wconf 94' lang='lat' dir='ltr'>non</span> <span class='ocrx_word' id='word_1_135' title='bbox 662 2129 789 2212; x_wconf 90' lang='lat' dir='ltr'>proelio,</span> <span class='ocrx_word' id='word_1_136' title='bbox 813 2149 876 2192; x_wconf 91' lang='lat' dir='ltr'>non</span> <span class='ocrx_word' id='word_1_137' title='bbox 891 2126 1035 2192; x_wconf 82' lang='lat' dir='ltr'>adversis</span> <span class='ocrx_word' id='word_1_138' title='bbox 1051 2147 1068 2192; x_wconf 88' lang='lat' dir='ltr'>e</span> <span class='ocrx_word' id='word_1_139' title='bbox 1084 2125 1204 2205; x_wconf 91' lang='lat' dir='ltr'>castris,</span> <span class='ocrx_word' id='word_1_140' title='bbox 1331 2117 1338 2132; x_wconf 80' lang='grc'><strong><em>’</em></strong></span> 
     </span>
     <span class='ocr_line' id='line_1_20' title="bbox 168 2228 1309 2323; baseline 0 -29"><span class='ocrx_word' id='word_1_141' title='bbox 168 2229 225 2294; x_wconf 88' lang='lat' dir='ltr'>sed</span> <span class='ocrx_word' id='word_1_142' title='bbox 247 2228 349 2295; x_wconf 89' lang='lat' dir='ltr'>isdem</span> <span class='ocrx_word' id='word_1_143' title='bbox 372 2251 390 2295; x_wconf 91' lang='lat' dir='ltr'>e</span> <span class='ocrx_word' id='word_1_144' title='bbox 413 2232 578 2314; x_wconf 89' lang='lat' dir='ltr'>cubilibus,</span> <span class='ocrx_word' id='word_1_145' title='bbox 606 2253 685 2315; x_wconf 91' lang='lat' dir='ltr'>quos</span> <span class='ocrx_word' id='word_1_146' title='bbox 708 2234 800 2298; x_wconf 92' lang='lat' dir='ltr'>simul</span> <span class='ocrx_word' id='word_1_147' title='bbox 823 2233 981 2298; x_wconf 86' lang='lat' dir='ltr'>vescentis</span> <span class='ocrx_word' id='word_1_148' title='bbox 1003 2230 1081 2313; x_wconf 88' lang='lat' dir='ltr'>dies,</span> <span class='ocrx_word' id='word_1_149' title='bbox 1113 2230 1205 2296; x_wconf 90' lang='lat' dir='ltr'>simul</span> <span class='ocrx_word' id='word_1_150' title='bbox 1302 2308 1309 2323; x_wconf 31' lang='grc' dir='ltr'>ι</span> 
     </span>
     <span class='ocr_line' id='line_1_21' title="bbox 169 2323 1206 2420; baseline 0.001 -22"><span class='ocrx_word' id='word_1_151' title='bbox 169 2333 291 2416; x_wconf 90' lang='lat' dir='ltr'>quietos</span> <span class='ocrx_word' id='word_1_152' title='bbox 327 2356 393 2400; x_wconf 88' lang='lat' dir='ltr'>nox</span> <span class='ocrx_word' id='word_1_153' title='bbox 429 2323 594 2418; x_wconf 89' lang='lat' dir='ltr'>habuerat,</span> <span class='ocrx_word' id='word_1_154' title='bbox 632 2336 799 2402; x_wconf 89' lang='lat' dir='ltr'>discedunt</span> <span class='ocrx_word' id='word_1_155' title='bbox 835 2337 868 2400; x_wconf 93' lang='lat' dir='ltr'>in</span> <span class='ocrx_word' id='word_1_156' title='bbox 903 2342 1019 2420; x_wconf 89' lang='lat' dir='ltr'>partes,</span> <span class='ocrx_word' id='word_1_157' title='bbox 1057 2336 1206 2420; x_wconf 87' lang='lat' dir='ltr'>ingerunt</span> 
     </span>
     <span class='ocr_line' id='line_1_22' title="bbox 167 2439 1203 2526; baseline 0.003 -24"><span class='ocrx_word' id='word_1_158' title='bbox 167 2439 239 2504; x_wconf 91' lang='lat' dir='ltr'>tela.</span> <span class='ocrx_word' id='word_1_159' title='bbox 285 2440 402 2506; x_wconf 90' lang='lat' dir='ltr'>clamor</span> <span class='ocrx_word' id='word_1_160' title='bbox 429 2442 560 2507; x_wconf 86' lang='lat' dir='ltr'>vulnera</span> <span class='ocrx_word' id='word_1_161' title='bbox 587 2442 718 2526; x_wconf 88' lang='lat' dir='ltr'>sanguis</span> <span class='ocrx_word' id='word_1_162' title='bbox 747 2443 863 2526; x_wconf 91' lang='lat' dir='ltr'>palam,</span> <span class='ocrx_word' id='word_1_163' title='bbox 895 2461 991 2506; x_wconf 91' lang='lat' dir='ltr'>causa</span> <span class='ocrx_word' id='word_1_164' title='bbox 1013 2441 1046 2504; x_wconf 95' lang='lat' dir='ltr'>in</span> <span class='ocrx_word' id='word_1_165' title='bbox 1069 2441 1203 2520; x_wconf 80' lang='lat' dir='ltr'>occult03</span> 
     </span>
     <span class='ocr_line' id='line_1_23' title="bbox 169 2544 1205 2629; baseline 0.001 -21"><span class='ocrx_word' id='word_1_166' title='bbox 169 2550 275 2609; x_wconf 88' lang='lat' dir='ltr'>cetera</span> <span class='ocrx_word' id='word_1_167' title='bbox 303 2544 367 2610; x_wconf 88' lang='lat' dir='ltr'>fors</span> <span class='ocrx_word' id='word_1_168' title='bbox 396 2546 487 2629; x_wconf 87' lang='lat' dir='ltr'>regit.</span> <span class='ocrx_word' id='word_1_169' title='bbox 524 2553 555 2611; x_wconf 93' lang='lat' dir='ltr'>et</span> <span class='ocrx_word' id='word_1_170' title='bbox 585 2545 713 2628; x_wconf 90' lang='lat' dir='ltr'>quidam</span> <span class='ocrx_word' id='word_1_171' title='bbox 740 2547 892 2611; x_wconf 91' lang='lat' dir='ltr'>bonorum</span> <span class='ocrx_word' id='word_1_172' title='bbox 920 2545 1015 2628; x_wconf 88' lang='lat' dir='ltr'>caesi,</span> <span class='ocrx_word' id='word_1_173' title='bbox 1038 2552 1205 2628; x_wconf 89' lang='lat' dir='ltr'>postquam</span> 
     </span>
     <span class='ocr_line' id='line_1_24' title="bbox 169 2649 1205 2736; baseline 0 -24"><span class='ocrx_word' id='word_1_174' title='bbox 169 2649 328 2714; x_wconf 88' lang='lat' dir='ltr'>intellecto</span> <span class='ocrx_word' id='word_1_175' title='bbox 358 2649 391 2714; x_wconf 91' lang='lat' dir='ltr'>in</span> <span class='ocrx_word' id='word_1_176' title='bbox 421 2671 499 2733; x_wconf 90' lang='lat' dir='ltr'>quos</span> <span class='ocrx_word' id='word_1_177' title='bbox 530 2650 703 2716; x_wconf 85' lang='lat' dir='ltr'>saeviretur</span> <span class='ocrx_word' id='word_1_178' title='bbox 732 2651 861 2736; x_wconf 87' lang='lat' dir='ltr'>pessimi</span> <span class='ocrx_word' id='word_1_179' title='bbox 891 2669 1016 2733; x_wconf 93' lang='lat' dir='ltr'>quoque</span> <span class='ocrx_word' id='word_1_180' title='bbox 1045 2670 1134 2714; x_wconf 87' lang='lat' dir='ltr'>arma</span> <span class='ocrx_word' id='word_1_181' title='bbox 1160 2669 1205 2712; x_wconf 87' lang='lat' dir='ltr'>ra-</span> 
     </span>
     <span class='ocr_line' id='line_1_25' title="bbox 170 2750 1205 2839; baseline -0.002 -23"><span class='ocrx_word' id='word_1_182' title='bbox 170 2761 313 2836; x_wconf 91' lang='lat' dir='ltr'>puerant.</span> <span class='ocrx_word' id='word_1_183' title='bbox 359 2774 463 2836; x_wconf 90' lang='lat' dir='ltr'>neque</span> <span class='ocrx_word' id='word_1_184' title='bbox 501 2756 626 2839; x_wconf 89' lang='lat' dir='ltr'>legatus</span> <span class='ocrx_word' id='word_1_185' title='bbox 661 2762 716 2820; x_wconf 89' lang='lat' dir='ltr'>aut</span> <span class='ocrx_word' id='word_1_186' title='bbox 756 2755 900 2819; x_wconf 89' lang='lat' dir='ltr'>tribunus</span> <span class='ocrx_word' id='word_1_187' title='bbox 937 2752 1116 2820; x_wconf 87' lang='lat' dir='ltr'>moderator</span> <span class='ocrx_word' id='word_1_188' title='bbox 1153 2750 1205 2817; x_wconf 90' lang='lat' dir='ltr'>ad-</span> 
     </span>
     <span class='ocr_line' id='line_1_26' title="bbox 169 2857 1203 2943; baseline -0.001 -22"><span class='ocrx_word' id='word_1_189' title='bbox 169 2857 242 2922; x_wconf 89' lang='lat' dir='ltr'>fuit:</span> <span class='ocrx_word' id='word_1_190' title='bbox 280 2858 435 2942; x_wconf 89' lang='lat' dir='ltr'>permissa</span> <span class='ocrx_word' id='word_1_191' title='bbox 468 2860 564 2943; x_wconf 90' lang='lat' dir='ltr'>vulgo</span> <span class='ocrx_word' id='word_1_192' title='bbox 597 2859 726 2924; x_wconf 89' lang='lat' dir='ltr'>licentia</span> <span class='ocrx_word' id='word_1_193' title='bbox 759 2865 854 2941; x_wconf 88' lang='lat' dir='ltr'>atque</span> <span class='ocrx_word' id='word_1_194' title='bbox 888 2857 965 2923; x_wconf 90' lang='lat' dir='ltr'>ultio</span> <span class='ocrx_word' id='word_1_195' title='bbox 1000 2863 1031 2922; x_wconf 93' lang='lat' dir='ltr'>et</span> <span class='ocrx_word' id='word_1_196' title='bbox 1065 2857 1203 2922; x_wconf 90' lang='lat' dir='ltr'>satietas.</span> 
     </span>
     <span class='ocr_line' id='line_1_27' title="bbox 169 2959 1206 3046; baseline -0.001 -21"><span class='ocrx_word' id='word_1_197' title='bbox 169 2982 244 3027; x_wconf 85' lang='lat' dir='ltr'>mox</span> <span class='ocrx_word' id='word_1_198' title='bbox 275 2962 438 3046; x_wconf 88' lang='lat' dir='ltr'>ingressus</span> <span class='ocrx_word' id='word_1_199' title='bbox 461 2970 566 3028; x_wconf 88' lang='lat' dir='ltr'>castra</span> <span class='ocrx_word' id='word_1_200' title='bbox 589 2963 806 3044; x_wconf 79' lang='lat' dir='ltr'>Germanicus,</span> <span class='ocrx_word' id='word_1_201' title='bbox 829 2983 893 3027; x_wconf 90' lang='lat' dir='ltr'>non</span> <span class='ocrx_word' id='word_1_202' title='bbox 915 2961 1106 3027; x_wconf 89' lang='lat' dir='ltr'>medicinam</span> <span class='ocrx_word' id='word_1_203' title='bbox 1129 2959 1206 3025; x_wconf 94' lang='lat' dir='ltr'>illud</span> 
     </span>
     <span class='ocr_line' id='line_1_28' title="bbox 170 3065 1205 3152; baseline -0.002 -22"><span class='ocrx_word' id='word_1_204' title='bbox 170 3067 312 3151; x_wconf 90' lang='lat' dir='ltr'>plurimis</span> <span class='ocrx_word' id='word_1_205' title='bbox 344 3087 415 3132; x_wconf 90' lang='lat' dir='ltr'>oum</span> <span class='ocrx_word' id='word_1_206' title='bbox 445 3067 592 3149; x_wconf 88' lang='lat' dir='ltr'>lacrimis,</span> <span class='ocrx_word' id='word_1_207' title='bbox 623 3067 680 3133; x_wconf 88' lang='lat' dir='ltr'>sed</span> <span class='ocrx_word' id='word_1_208' title='bbox 714 3067 837 3132; x_wconf 89' lang='lat' dir='ltr'>cladem</span> <span class='ocrx_word' id='word_1_209' title='bbox 867 3068 1042 3152; x_wconf 88' lang='lat' dir='ltr'>appellans,</span> <span class='ocrx_word' id='word_1_210' title='bbox 1074 3065 1205 3131; x_wconf 89' lang='lat' dir='ltr'>cremari</span> 
     </span>
     <span class='ocr_line' id='line_1_29' title="bbox 170 3171 419 3254; baseline 0.004 -20"><span class='ocrx_word' id='word_1_211' title='bbox 170 3190 300 3254; x_wconf 91' lang='lat' dir='ltr'>corpora</span> <span class='ocrx_word' id='word_1_212' title='bbox 322 3171 419 3236; x_wconf 89' lang='lat' dir='ltr'>iubet.</span> 
     </span>
    </p>

    <p class='ocr_par' dir='ltr' id='par_1_4' title="bbox 169 3271 1373 3880">
     <span class='ocr_line' id='line_1_30' title="bbox 256 3271 1367 3359; baseline -0.002 -21"><span class='ocrx_word' id='word_1_213' title='bbox 256 3276 374 3340; x_wconf 88' lang='lat' dir='ltr'>Truces</span> <span class='ocrx_word' id='word_1_214' title='bbox 404 3275 500 3339; x_wconf 90' lang='lat' dir='ltr'>etiam</span> <span class='ocrx_word' id='word_1_215' title='bbox 530 3281 597 3340; x_wconf 92' lang='lat' dir='ltr'>tum</span> <span class='ocrx_word' id='word_1_216' title='bbox 627 3275 750 3340; x_wconf 88' lang='lat' dir='ltr'>animos</span> <span class='ocrx_word' id='word_1_217' title='bbox 778 3274 892 3359; x_wconf 88' lang='lat' dir='ltr'>cupido</span> <span class='ocrx_word' id='word_1_218' title='bbox 911 3274 1031 3338; x_wconf 87' lang='lat' dir='ltr'>involat</span> <span class='ocrx_word' id='word_1_219' title='bbox 1054 3271 1150 3337; x_wconf 87' lang='lat' dir='ltr'>eundi</span> <span class='ocrx_word' id='word_1_220' title='bbox 1172 3273 1205 3336; x_wconf 92' lang='lat' dir='ltr'>in</span> <span class='ocrx_word' id='word_1_221' title='bbox 1236 3274 1284 3327; x_wconf 72' lang='lat' dir='ltr'>3¹¹t</span> <span class='ocrx_word' id='word_1_222' title='bbox 1301 3283 1367 3327; x_wconf 69' lang='lat' dir='ltr'>occec</span> 
     </span>
     <span class='ocr_line' id='line_1_31' title="bbox 169 3343 1373 3463; baseline 0.001 -22"><span class='ocrx_word' id='word_1_223' title='bbox 169 3377 303 3460; x_wconf 91' lang='lat' dir='ltr'>hostem,</span> <span class='ocrx_word' id='word_1_224' title='bbox 334 3379 492 3463; x_wconf 92' lang='lat' dir='ltr'>piaculum</span> <span class='ocrx_word' id='word_1_225' title='bbox 515 3378 642 3463; x_wconf 77' lang='lat' dir='ltr'>furoris5</span> <span class='ocrx_word' id='word_1_226' title='bbox 673 3399 732 3444; x_wconf 89' lang='lat' dir='ltr'>neo</span> <span class='ocrx_word' id='word_1_227' title='bbox 755 3379 846 3444; x_wconf 88' lang='lat' dir='ltr'>aliter</span> <span class='ocrx_word' id='word_1_228' title='bbox 868 3398 961 3463; x_wconf 91' lang='lat' dir='ltr'>posse</span> <span class='ocrx_word' id='word_1_229' title='bbox 983 3377 1102 3461; x_wconf 91' lang='lat' dir='ltr'>placari</span> <span class='ocrx_word' id='word_1_230' title='bbox 1126 3397 1206 3442; x_wconf 92' lang='lat' dir='ltr'>com·</span> <span class='ocrx_word' id='word_1_231' title='bbox 1232 3343 1265 3390; x_wconf 54' lang='grc' dir='ltr'>Μ’</span> <span class='ocrx_word' id='word_1_232' title='bbox 1279 3344 1373 3397; x_wconf 54' lang='lat' dir='ltr'>mm</span> 
     </span>
     <span class='ocr_line' id='line_1_32' title="bbox 170 3480 1206 3566; baseline -0.003 -20"><span class='ocrx_word' id='word_1_233' title='bbox 170 3482 347 3547; x_wconf 90' lang='lat' dir='ltr'>militonum</span> <span class='ocrx_word' id='word_1_234' title='bbox 367 3502 487 3563; x_wconf 92' lang='lat' dir='ltr'>manes,</span> <span class='ocrx_word' id='word_1_235' title='bbox 511 3502 606 3565; x_wconf 92' lang='lat' dir='ltr'>quam</span> <span class='ocrx_word' id='word_1_236' title='bbox 626 3482 652 3548; x_wconf 91' lang='lat' dir='ltr'>si</span> <span class='ocrx_word' id='word_1_237' title='bbox 673 3482 852 3566; x_wconf 88' lang='lat' dir='ltr'>pectoribus</span> <span class='ocrx_word' id='word_1_238' title='bbox 872 3481 978 3565; x_wconf 92' lang='lat' dir='ltr'>impiis</span> <span class='ocrx_word' id='word_1_239' title='bbox 993 3480 1127 3546; x_wconf 91' lang='lat' dir='ltr'>honesta</span> <span class='ocrx_word' id='word_1_240' title='bbox 1141 3481 1206 3544; x_wconf 78' lang='lat' dir='ltr'>vul-</span> 
     </span>
     <span class='ocr_line' id='line_1_33' title="bbox 170 3585 1206 3671; baseline -0.001 -20"><span class='ocrx_word' id='word_1_241' title='bbox 170 3607 247 3652; x_wconf 88' lang='lat' dir='ltr'>nera</span> <span class='ocrx_word' id='word_1_242' title='bbox 269 3587 475 3671; x_wconf 90' lang='lat' dir='ltr'>accepissent.</span> <span class='ocrx_word' id='word_1_243' title='bbox 507 3587 648 3669; x_wconf 90' lang='lat' dir='ltr'>sequitur</span> <span class='ocrx_word' id='word_1_244' title='bbox 667 3586 810 3652; x_wconf 88' lang='lat' dir='ltr'>ardorem</span> <span class='ocrx_word' id='word_1_245' title='bbox 830 3587 964 3651; x_wconf 90' lang='lat' dir='ltr'>militnm</span> <span class='ocrx_word' id='word_1_246' title='bbox 987 3585 1104 3651; x_wconf 82' lang='lat' dir='ltr'>Cacsar</span> <span class='ocrx_word' id='word_1_247' title='bbox 1122 3585 1206 3650; x_wconf 89' lang='lat' dir='ltr'>iuno-</span> 
     </span>
     <span class='ocr_line' id='line_1_34' title="bbox 170 3689 1206 3776; baseline -0.003 -20"><span class='ocrx_word' id='word_1_248' title='bbox 170 3698 265 3774; x_wconf 90' lang='lat' dir='ltr'>toque</span> <span class='ocrx_word' id='word_1_249' title='bbox 292 3697 388 3776; x_wconf 90' lang='lat' dir='ltr'>ponte</span> <span class='ocrx_word' id='word_1_250' title='bbox 415 3691 559 3756; x_wconf 90' lang='lat' dir='ltr'>tramittit</span> <span class='ocrx_word' id='word_1_251' title='bbox 587 3690 752 3757; x_wconf 89' lang='lat' dir='ltr'>duodecim</span> <span class='ocrx_word' id='word_1_252' title='bbox 782 3690 868 3754; x_wconf 87' lang='lat' dir='ltr'>miha</span> <span class='ocrx_word' id='word_1_253' title='bbox 891 3711 908 3756; x_wconf 88' lang='lat' dir='ltr'>e</span> <span class='ocrx_word' id='word_1_254' title='bbox 930 3689 1118 3774; x_wconf 87' lang='lat' dir='ltr'>legionibus,</span> <span class='ocrx_word' id='word_1_255' title='bbox 1149 3709 1206 3755; x_wconf 88' lang='lat' dir='ltr'>sex</span> 
     </span>
     <span class='ocr_line' id='line_1_35' title="bbox 171 3794 1209 3880; baseline -0.005 -18"><span class='ocrx_word' id='word_1_256' title='bbox 171 3802 202 3862; x_wconf 96' lang='lat' dir='ltr'>et</span> <span class='ocrx_word' id='word_1_257' title='bbox 224 3796 348 3880; x_wconf 86' lang='lat' dir='ltr'>viginti</span> <span class='ocrx_word' id='word_1_258' title='bbox 362 3796 464 3862; x_wconf 88' lang='lat' dir='ltr'>socias</span> <span class='ocrx_word' id='word_1_259' title='bbox 487 3795 632 3876; x_wconf 88' lang='lat' dir='ltr'>cohortis,</span> <span class='ocrx_word' id='word_1_260' title='bbox 656 3802 725 3861; x_wconf 90' lang='lat' dir='ltr'>octo</span> <span class='ocrx_word' id='word_1_261' title='bbox 749 3795 889 3876; x_wconf 92' lang='lat' dir='ltr'>equitum</span> <span class='ocrx_word' id='word_1_262' title='bbox 912 3794 990 3876; x_wconf 90' lang='lat' dir='ltr'>alas,</span> <span class='ocrx_word' id='word_1_263' title='bbox 1015 3815 1147 3876; x_wconf 91' lang='lat' dir='ltr'>quarum</span> <span class='ocrx_word' id='word_1_264' title='bbox 1169 3814 1209 3858; x_wconf 86' lang='lat' dir='ltr'>ea</span> 
     </span>
    </p>
   </div>
   <div class='ocr_carea' id='block_1_3' title="bbox 171 3899 805 3969">
    <p class='ocr_par' dir='ltr' id='par_1_5' title="bbox 171 3899 805 3969">
     <span class='ocr_line' id='line_1_36' title="bbox 171 3899 805 3969; baseline 0.003 -3"><span class='ocrx_word' id='word_1_265' title='bbox 171 3899 324 3966; x_wconf 88' lang='lat' dir='ltr'>seditione</span> <span class='ocrx_word' id='word_1_266' title='bbox 346 3899 532 3966; x_wconf 91' lang='lat' dir='ltr'>intemerata</span> <span class='ocrx_word' id='word_1_267' title='bbox 553 3899 711 3968; x_wconf 85' lang='lat' dir='ltr'>modestia</span> <span class='ocrx_word' id='word_1_268' title='bbox 733 3899 805 3969; x_wconf 87' lang='lat' dir='ltr'>fnit.</span> 
     </span>
    </p>
   </div>
   <div class='ocr_carea' id='block_1_4' title="bbox 0 0 1391 4214">
    <p class='ocr_par' dir='ltr' id='par_1_6' title="bbox 0 0 1391 4214">
     <span class='ocr_line' id='line_1_37' title="bbox 0 0 1391 4214; baseline 0 0"><span class='ocrx_word' id='word_1_269' title='bbox 0 0 1391 4214; x_wconf 95' lang='lat' dir='ltr'> </span> 
     </span>
    </p>
   </div>
  </div>
 </body>
</html>
