2760 4214
506 212 530 250 a.
543 197 575 252 U.
589 212 611 251 c.
626 200 685 254 781.
714 213 740 264 p.
754 194 816 250 Chr.
830 198 872 253 28.
1143 179 1202 242 161

164 372 280 452 adisse,
304 377 353 435 set
375 367 554 452 quaesitum
576 370 836 451 meditatumque,
872 388 912 433 ne
944 370 1021 452 quid
1050 370 1205 455 impedire

164 475 320 556 credatur,
344 495 406 557 quo
429 475 533 540 minus
552 475 628 540 novi
648 474 861 556 magistratus,
886 494 948 555 quo
964 474 1058 540 modo
1073 474 1205 539 delubra
1293 528 1296 535 .

165 587 197 646 et
211 579 334 660 altaria,
359 579 404 644 sic
421 598 579 643 carcerem
594 577 768 643 recludant.
794 583 920 643 secutae
936 578 1067 661 insuper
1081 579 1205 644 litterae
1279 608 1283 615 ·

165 691 272 769 grates
305 682 439 767 agentia,
475 681 559 763 quod
592 681 753 747 hominem
786 681 946 747 infensum
980 683 1026 748 rei
1060 683 1205 767 publicae

165 788 374 873 punivissent,
398 787 523 852 adiecto
542 786 699 870 trepidam
715 785 776 850 sibi
792 786 901 866 vitam,
926 794 1090 871 suspectas
1105 787 1206 851 inimi-

166 913 272 958 corum
295 891 437 973 insidias,
461 891 547 955 nullo
562 890 748 955 nominatim
764 889 954 974 conpellat03
978 911 1083 973 neque
1099 898 1206 956 tamen

166 996 370 1061 dubitabatur
392 996 425 1059 in
449 996 610 1060 Neronem
633 1000 665 1057 et
686 993 897 1077 Agrippinam
919 993 1052 1059 intendi.

254 1100 304 1164 ll.
328 1100 371 1164 Ni
393 1098 472 1163 mibi
494 1098 687 1164 destinatum
710 1097 791 1163 foret
813 1117 905 1162 suum
929 1118 1074 1181 quaeque
1096 1099 1129 1163 in
1153 1120 1206 1163 an·
1245 1097 1323 1210 5312

166 1225 242 1269 num
263 1203 392 1285 referre,
422 1205 539 1269 avebat
565 1203 690 1267 animus
713 1202 815 1267 antire
838 1203 1008 1284 statimque
1030 1224 1205 1269 memorare
1232 1175 1364 1306 qsssgfss‘,

167 1309 280 1389 exitus,
305 1328 384 1390 quos
406 1308 551 1372 Latinius
573 1313 670 1389 atque
686 1306 802 1390 Opsius
826 1308 986 1389 ceterique
1008 1307 1121 1391 fiagitii
1137 1308 1205 1373 eius
1223 1323 1371 1369 tetartaeo

165 1419 342 1496 repertores
370 1411 519 1493 habuere,
550 1431 614 1475 non
645 1409 738 1475 modo
768 1416 936 1494 postquam
966 1410 1065 1476 Gaius
1089 1412 1207 1477 Caesar

166 1537 270 1581 rerum
300 1516 418 1599 potitus
448 1522 506 1597 est,
537 1515 594 1580 sed
623 1514 773 1579 incolumi
800 1514 937 1596 Tiberio,
969 1515 1023 1598 qui
1053 1517 1206 1581 scelerum

166 1620 327 1686 ministros
350 1626 385 1683 ut
406 1619 544 1704 perverti
566 1619 608 1684 ab
631 1619 702 1683 aliis
725 1619 862 1698 nolebat,
886 1619 931 1682 ita
953 1619 1138 1702 plerumque
1161 1640 1207 1685 sa·

167 1724 264 1789 tiatus
294 1730 326 1788 et
355 1724 470 1788 oblatis
499 1723 532 1787 in
563 1721 698 1787 eandem
728 1742 857 1806 operam
879 1722 1060 1788 recentibus
1083 1730 1207 1790 veteres

168 1835 200 1894 et
229 1847 421 1912 praegraves
451 1826 590 1891 adflixit:
621 1846 731 1891 verum
760 1826 819 1891 has
846 1832 942 1909 atque
968 1827 1048 1891 alias
1071 1828 1207 1892 sontium

167 1952 287 2016 poenas
309 1932 343 1996 in
365 1938 507 2016 tempore
527 1929 696 1996 trademus
721 1937 787 1994 tum
804 1931 927 1996 censuit
942 1930 1072 1996 Asinius
1087 1931 1206 2013 Gallus,

168 2036 257 2102 cuius
287 2036 456 2101 liberorum
478 2034 657 2119 Agrippina
686 2041 857 2099 matertera
884 2041 961 2116 erat,
992 2034 1165 2119 petendum
1188 2057 1208 2100 a

167 2140 321 2225 principe,
354 2146 389 2204 ut
423 2146 525 2204 metus
559 2159 632 2205 suos
666 2139 790 2204 senatui
823 2139 975 2204 fateretur
1003 2140 1207 2222 amoverique

169 2245 295 2309 sineret.
319 2244 438 2308 nullam
460 2263 563 2325 aeque
585 2243 740 2324 Tiberius,
765 2250 799 2307 ut
819 2243 957 2324 rebatur,
981 2263 1022 2307 ex
1038 2243 1207 2309 virtutibus

170 2349 235 2412 suis
258 2368 354 2430 quam
378 2347 660 2412 dissimulationem
683 2346 850 2431 diligebat:
875 2367 912 2412 eo
935 2347 1062 2431 aegrius
1084 2347 1208 2431 accepit

168 2450 290 2516 recludi
314 2471 396 2533 quae
418 2457 584 2534 premeret.
616 2450 673 2515 sed
695 2451 855 2534 mitigavit
877 2451 1021 2531 Seianus,
1045 2470 1108 2514 non
1125 2451 1208 2515 Galli

169 2575 286 2635 amore,
303 2574 412 2618 verum
428 2561 463 2618 ut
475 2554 691 2619 cunctationes
703 2554 855 2638 principis
869 2554 1073 2638 opperiretur,
1089 2574 1209 2637 gnarus

170 2660 290 2723 lentum
324 2659 358 2722 in
391 2658 585 2739 meditando,
619 2659 674 2723 ubi
704 2658 908 2742 prorupisset,
943 2658 1085 2723 tristibus
1114 2657 1208 2722 dictis

170 2763 289 2827 atrocia
311 2761 397 2826 facta
420 2762 621 2845 coniungere.

131 2866 135 2872 '
256 2867 317 2930 Per
338 2865 423 2930 idem
446 2873 571 2950 tempus
593 2865 675 2930 Iulia
696 2873 829 2932 mortem
852 2867 938 2948 obiit,
962 2887 1057 2949 quam
1080 2873 1208 2951 neptem
1240 2861 1359 2986 Μῖἐῶία

169 2970 332 3054 Augustus
355 2970 533 3035 convictam
560 2970 706 3036 adulterii
736 2969 944 3036 damnaverat
972 2971 1209 3054 proieceratque
1361 2961 1369 2978 ’

170 3076 203 3139 in
227 3075 361 3139 insulam
383 3075 570 3155 Trimerum,
593 3074 681 3139 haud
702 3076 811 3159 procul
833 3075 945 3158 Apulis
967 3076 1120 3141 litoribus.
1144 3076 1209 3141 illic

171 3179 284 3263 viginti
312 3179 406 3243 annis
430 3178 561 3244 exilium
583 3178 730 3244 toleravit
751 3179 915 3262 Augustae
938 3198 998 3263 ope
1021 3186 1207 3261 sustentata,

172 3303 254 3366 quae
276 3282 426 3348 florentes
448 3283 613 3366 privignos
636 3303 706 3347 cum
730 3302 787 3367 per
809 3284 966 3348 occultum
990 3284 1207 3364 subvertisset,

173 3387 421 3452 misericordiam
444 3406 521 3470 erga
542 3386 687 3452 adflictos
710 3388 814 3470 palam
837 3387 1026 3453 ostentabat.

261 3490 310 3554 72.
335 3488 455 3554 Eodem
478 3510 562 3555 anno
585 3490 689 3572 Frisii,
703 3490 974 3555 'lbansrbenanus
989 3490 1133 3574 populus,
1156 3510 1210 3574 pa·
1238 3485 1367 3608 „yffi

173 3613 242 3658 cern
273 3613 400 3674 exuere,
431 3600 540 3659 nostra
569 3594 673 3676 magis
701 3594 837 3658 avaritia
867 3613 962 3676 quam
993 3593 1136 3676 obsequii
1165 3594 1210 3657 in·
1369 3583 1376 3599 ’

172 3697 340 3782 patientes.
382 3697 534 3762 tributum
568 3696 607 3761 iis
640 3697 764 3762 Drusus
796 3697 930 3762 iusserat
962 3695 1120 3761 modicum
1153 3717 1210 3780 pro

173 3802 322 3885 angustia
344 3821 458 3881 rerum,
482 3799 572 3864 utin
595 3820 671 3866 usus
693 3801 846 3866 militares
869 3801 954 3866 coria
976 3801 1073 3865 boum
1095 3799 1211 3883 pende·

172 3911 252 3986 rent,
284 3926 347 3970 non
370 3905 494 3969 intenta
516 3903 705 3989 cuiusquam
726 3924 817 3990 cura,
839 3925 927 3991 quae
945 3901 1135 3980 brnirtubo,
1151 3917 1244 3978 qnae

219 4016 314 4060 annua
326 4016 361 4060 aa
372 4016 467 4064 aab.
482 4019 501 4060 1.
526 4018 705 4090 (samaeas
716 4021 815 4079 caurus
1112 4005 1157 4052 *A
