2760 4214
505 197 529 235 a.
543 182 575 237 U.
590 198 612 236 c.
627 185 685 238 785.
712 199 739 251 p.
752 182 814 236 Chr.
828 186 869 238 32.
1143 169 1204 233 173

166 373 245 435 quas
267 352 433 419 adfinitate
456 363 677 440 occupaverat,
705 363 792 421 tuum
817 357 943 437 Caesar,
967 378 1130 441 generum,
1158 347 1205 423 tui

166 458 347 522 consulatus
369 459 499 540 socium,
523 466 578 523 tua
600 459 706 524 officia
728 461 762 524 in
785 480 818 525 re
842 461 970 545 publica
985 467 1205 546 capessentem

166 560 355 627 colebamus,
379 582 444 627 non
467 569 514 628 est
536 570 678 628 nostrum
701 564 879 645 aestimare,
911 584 1005 646 quem
1033 584 1129 649 supra
1157 584 1204 629 ce-

165 671 249 731 teros
271 671 303 730 et
326 666 440 747 quibus
463 665 503 731 de
526 667 630 732 causis
653 668 800 732 extollas:
838 667 896 732 tibi
919 688 1077 733 summum
1100 688 1204 732 rerum

166 768 316 833 iudicium
346 769 379 833 di
409 769 535 852 dedere,
569 771 661 836 nobis
695 771 839 852 obsequii
872 771 973 855 gloria
1006 772 1116 836 relicta
1146 777 1203 836 est.

167 878 346 956 spectamus
368 893 460 956 porro
483 894 565 956 quae
589 893 693 938 coram
716 874 883 955 habentur,
915 875 964 938 cui
995 894 1036 939 ex
1065 880 1097 940 te
1127 894 1205 958 opes

165 976 310 1059 honoreS,
335 979 405 1060 quis
426 979 563 1063 plurima
585 977 717 1042 iuvandi
739 977 917 1044 nocendive
939 979 1091 1063 potentia,
1123 998 1205 1061 quae

167 1068 281 1146 Seiano
303 1080 402 1146 fuisse
426 1102 519 1146 nemo
542 1083 717 1166 negaverit.
757 1082 882 1148 abditos
905 1083 1058 1167 principis
1082 1103 1204 1164 sensus

167 1192 198 1249 et
220 1186 246 1249 si
271 1184 347 1268 quid
368 1187 520 1251 occultius
547 1193 647 1270 parat,
678 1187 845 1269 exquirere
875 1187 1040 1267 inlicitum,
1071 1207 1204 1271 anceps:

167 1309 227 1354 nec
248 1288 320 1354 ideo
342 1289 528 1372 adsequare.
552 1310 602 1370 ne,
618 1296 725 1373 patres
742 1291 920 1375 conscripti,
936 1291 1081 1354 ultimum
1097 1290 1206 1355 Seiani

166 1391 262 1473 diem,
293 1392 349 1458 sed
380 1392 519 1458 sedecim
551 1414 653 1458 annos
680 1393 903 1478 cogitaveritis.
950 1394 1044 1459 etiam
1067 1394 1206 1459 Satrium

166 1503 262 1578 atque
277 1497 484 1581 Pomponium
507 1499 752 1581 venerabamur,
776 1498 898 1562 libertis
922 1518 1046 1579 quoque
1069 1517 1107 1562 ac
1129 1497 1206 1561 iani-

166 1599 286 1664 toribus
309 1601 376 1665 eius
399 1607 562 1666 notescere
585 1622 642 1686 pro
665 1600 833 1685 magnifico
856 1601 1081 1685 accipiebatur.
1128 1600 1206 1682 quid

167 1705 263 1787 ergo?
298 1703 482 1770 indistincta
516 1705 596 1770 baec
630 1705 774 1770 defensio
809 1712 841 1769 et
870 1704 1027 1789 promisca
1057 1704 1205 1769 dabitur?

166 1807 261 1871 immo
284 1807 375 1872 iustis
395 1809 538 1874 terminis
559 1808 726 1874 dividatur.
751 1808 887 1874 insidiae
903 1809 936 1872 in
952 1829 1018 1873 rem
1034 1808 1204 1892 publicam,

167 1911 297 1975 consilia
318 1911 426 1977 caedis
445 1911 614 1978 adversum
629 1912 850 1996 imperatorem
866 1913 1051 1997 puniantur:
1066 1911 1117 1988 ,de
1131 1913 1206 1977 ami·

167 2014 241 2078 citia
256 2021 287 2080 et
302 2015 415 2082 officiis
430 2015 515 2080 idem
531 2016 605 2081 finis
621 2024 653 2081 et
668 2024 708 2097 te,
734 2017 861 2100 Caesar,
885 2024 917 2082 et
936 2037 994 2081 nos
1014 2012 1206 2082 absolverit.³

253 2119 282 2184 9.
308 2120 492 2185 Constantia
521 2121 682 2201 orationis,
714 2127 745 2184 et
772 2120 848 2202 quia
874 2128 1017 2204 repertus
1045 2127 1121 2201 erut,
1152 2120 1206 2202 qui

167 2222 293 2288 efferret
314 2243 396 2304 quae
419 2244 529 2290 omnes
551 2225 657 2288 animo
680 2225 856 2308 agitabant,
881 2245 918 2290 eo
941 2245 1041 2306 usque
1064 2232 1204 2308 potuere,

165 2333 201 2390 ut
222 2333 421 2392 accusatores
445 2310 523 2408 eius,¹
547 2327 665 2392 additis
689 2348 771 2409 quae
786 2335 861 2392 ante
876 2326 1084 2410 deliquerant,
1109 2328 1205 2392 exilio

166 2436 221 2494 aut
244 2437 342 2495 morte
365 2433 581 2496 multarentur.

252 2535 387 2600 Secutae
421 2535 537 2601 dehinc
570 2536 690 2602 Tiberii
723 2536 845 2600 litterae
878 2536 911 2599 in
946 2536 1020 2610 Sex.
1046 2535 1204 2601 Vistilium
1249 2533 1353 2647 ‘muli‘

165 2639 365 2722 praetorium,
400 2660 493 2722 quem
523 2641 628 2705 Druso
658 2639 749 2704 fratri
782 2659 946 2724 percarum
977 2639 1010 2703 in
1044 2638 1204 2705 cohortem
1231 2608 1364 2724 3125,ssssssss

165 2762 254 2807 suam
288 2745 499 2809 transtulerat.
547 2764 644 2810 causa
674 2743 858 2811 offensionis
885 2742 1011 2808 Vistilio
1044 2742 1113 2824 fuit,
1148 2763 1204 2808 seu
1243 2740 1358 2793 imm·

164 2854 383 2930 composuerat
405 2846 562 2930 quaedam
583 2849 615 2912 in
632 2848 747 2914 Gaium
764 2849 933 2914 Caesarem
949 2854 984 2911 ut
998 2846 1203 2931 impudicum,
1241 2827 1360 2950 ,ffi‘tz'

164 2950 233 3014 sive
255 2950 328 3015 ricto
350 2950 461 3016 habita
482 2951 571 3017 fides.
617 2959 714 3033 atque
742 2952 782 3017 ob
810 2950 843 3015 id
875 2952 1022 3016 convictu
1051 2951 1204 3036 principis

165 3053 341 3138 prohibitus
364 3075 434 3120 cum
458 3056 548 3120 senili
572 3077 668 3120 manu
690 3056 808 3120 ferrum
831 3056 1060 3139 temptavisset,
1084 3056 1204 3139 obligat

164 3179 277 3243 venas3
301 3167 509 3243 precatusque
533 3180 590 3244 per
612 3159 780 3240 codicillos,
804 3160 918 3224 immiti
933 3160 1084 3243 rescripto
1104 3180 1204 3224 venas

164 3263 302 3327 resolvit.
326 3265 499 3329 acervatim
523 3285 564 3329 ex
588 3284 625 3329 eo
647 3265 771 3329 Annius
794 3264 901 3344 Pollio,
930 3264 1054 3347 Appius
1077 3263 1204 3328 Silanus

165 3366 283 3432 Scauro
317 3367 474 3433 Mamerco
509 3368 602 3432 simul
635 3388 672 3433 ac
706 3369 825 3434 Sabino
856 3367 994 3433 Calvisio
1028 3366 1204 3431 maiestatis

164 3471 372 3555 postulantur,
396 3479 428 3536 et
443 3471 628 3536 Vinicianus
644 3472 776 3536 Pollioni
792 3471 875 3555 patri
896 3469 1103 3550 adiciebatur,
1127 3469 1203 3534 clari

164 3595 265 3660 genus
292 3583 324 3640 et
352 3575 479 3658 quidam
504 3576 634 3641 summis
657 3575 838 3641 honoribus.
885 3580 1202 3655 contremuerantque

164 3686 270 3763 patres
301 3679 388 3766 (nam
412 3686 526 3762 quotus
549 3680 681 3762 quisque
704 3679 878 3744 adfinitatis
900 3684 955 3742 aut
976 3677 1135 3742 amicitiae
1157 3682 1203 3741 tot

163 3782 341 3848 inlustrium
364 3783 501 3848 virorum
525 3803 640 3866 expers
663 3782 776 3866 erat?),
800 3783 833 3846 ni
857 3782 968 3848 Celsus
990 3781 1131 3846 urbanae
1155 3799 1202 3844 co·

163 3887 263 3952 hortis
285 3887 439 3969 tribunus,
463 3894 529 3952 tum
552 3887 635 3952 inter
657 3886 791 3971 indices,
814 3887 957 3973 Appium
976 3891 1012 3950 et
1029 3883 1214 3949 Salvis‘mrn
