2760 4214
391 209 415 248 a.
429 193 497 248 uc.
511 196 616 262 vacua
640 213 666 265 p.
680 195 844 265 charam.
1075 183 1135 247 133

98 369 210 428 senatu
240 365 382 431 oratione
412 368 534 432 monuit
564 369 598 433 in
627 376 798 454 posterum,
832 391 873 435 ne
904 370 974 453 quis
1003 372 1136 438 mobiles

96 465 345 532 adulescentium
376 470 498 536 animos
528 473 738 556 praematuris
767 473 937 540 honoribus
967 474 1008 538 ad
1031 495 1136 560 super-

97 570 183 635 biam
214 573 388 638 extolleret.
434 575 575 642 instabat
605 578 722 661 quippe
744 577 879 643 Seianus
908 579 1136 662 incusabatque

98 673 258 740 diductam
290 677 450 742 civitatem
477 685 513 743 ut
536 680 622 745 civili
644 682 741 746 bello:
773 702 843 748 esse
867 683 920 765 qui
943 703 978 748 se
1000 683 1135 768 partium

96 776 292 863 Agrippinae
324 788 448 863 vocent,
478 802 517 848 ac
544 783 578 848 ni
600 785 772 866 resistatur,
803 785 870 851 fore
893 787 1004 872 pluris3
1032 808 1135 870 neque

99 880 185 945 aliud
214 883 379 966 gliscentis
410 885 587 951 discordiae
610 887 793 970 remedium,
825 910 919 972 quam
942 891 969 955 si
991 911 1073 956 unus
1094 891 1136 956 al-

101 989 190 1050 terve
212 987 352 1051 maxime
375 990 512 1074 prompti
534 991 800 1056 subverterentur.

186 1089 237 1154 18.
263 1089 334 1166 Qua
363 1112 460 1157 causa
490 1094 523 1159 Ο.
550 1095 660 1160 Silium
691 1101 723 1161 et
752 1095 871 1160 Titium
900 1097 1055 1163 Sabinum
1084 1098 1136 1163 ad·
1160 1097 1301 1151 &mmm

96 1191 246 1274 graditur.
285 1194 425 1259 amicitia
447 1196 627 1262 Germanici
648 1199 826 1282 peruiciosa
848 1199 982 1283 utrique,
1006 1201 1082 1266 Silio
1105 1209 1136 1267 ct
1161 1167 1299 1281 ”ullam

98 1295 182 1378 quod
215 1298 356 1380 ingentis
389 1301 549 1366 exercitus
584 1309 706 1386 septem
735 1323 794 1387 per
826 1324 927 1369 annos
960 1304 1137 1371 moderator
1160 1305 1304 1352 comuntur

96 1400 258 1484 partisque
290 1402 377 1486 apud
411 1404 613 1470 Germaniam
647 1407 890 1490 triumphalibus
924 1408 1135 1474 Sacroviriani
1174 1462 1199 1506 a
1212 1385 1290 1508 gh„

97 1504 171 1569 belli
194 1505 302 1586 victor,
331 1513 449 1589 quanto
472 1509 590 1574 maiore
612 1511 694 1576 mole
716 1511 903 1595 procideret,
933 1513 1004 1596 plus
1032 1512 1135 1579 formi-

99 1607 182 1674 dinis
204 1609 238 1673 in
259 1610 340 1677 alios
362 1611 611 1697 dispergebatur.
651 1614 824 1680 credebant
845 1616 987 1702 plerique
1010 1623 1135 1681 auctam

96 1713 304 1779 offensionem
319 1716 418 1801 ipsius
436 1718 690 1802 intemperantia,
706 1719 874 1786 immodice
886 1721 1032 1786 iactantis
1044 1740 1135 1785 suum

100 1817 231 1882 militem
261 1819 295 1882 in
322 1821 474 1903 obsequio
501 1820 677 1904 duravisse,
709 1843 779 1887 cum
809 1823 864 1887 alii
892 1823 935 1888 ad
964 1823 1136 1890 seditiones

96 1921 348 2008 prolaberentur,
371 1944 476 2006 neque
498 1945 681 1990 mansurum
704 1927 831 1992 Tiberio
853 1926 1031 2012 imperium,
1055 1928 1082 1992 si
1096 1927 1136 1993 iis

97 2047 221 2110 quoque
250 2028 429 2110 legionibus
459 2030 574 2112 cupido
604 2029 745 2094 novandi
774 2031 894 2096 fuisset.
934 2031 1053 2096 destrui
1079 2051 1137 2115 per

99 2129 178 2195 haec
211 2131 370 2197 forturmm
404 2152 494 2197 suam
525 2133 644 2199 Caesar
672 2134 877 2218 inparemque
907 2140 995 2200 tanto
1024 2135 1136 2199 merito

96 2235 232 2300 rebatur.
268 2256 341 2299 nam
365 2235 522 2301 beneficia
543 2257 580 2302 eo
603 2256 703 2319 usque
725 2237 809 2301 laeta
828 2244 911 2319 sunt,
935 2236 1009 2302 dum
1028 2237 1136 2304 viden-

96 2345 147 2402 tur
177 2339 298 2403 exsolvi
327 2359 434 2423 posse:
466 2340 520 2405 ubi
550 2341 683 2404 multum
713 2348 916 2422 antevenere,
946 2361 1004 2424 pro
1033 2341 1136 2423 gratia

97 2441 203 2507 odium
227 2442 376 2507 redditur.

186 2547 236 2610 19.
260 2547 337 2611 Erat
359 2567 441 2611 uxor
463 2546 539 2613 Silio
554 2547 646 2612 Sosia
661 2547 761 2628 Galla,
785 2547 917 2611 caritate
940 2547 1135 2630 Agrippinae

97 2650 202 2716 invisa
231 2650 375 2735 principi.
422 2650 480 2716 hos
517 2651 630 2734 oonipi
661 2650 757 2715 dilato
787 2650 830 2715 ad
862 2657 988 2735 tempus
1017 2650 1136 2716 Sabino
1173 2668 1217 2712 uns
1232 2669 1291 2713 auo

1201 2529 1255 2574 tutrt

1177 2600 1288 2652 unqettout

98 2754 258 2837 placitum,
281 2755 494 2837 inmissusque
515 2756 614 2820 Varro
638 2756 757 2836 consul,
789 2755 841 2836 qui
864 2760 1014 2839 paternas
1035 2753 1137 2818 inimi·
1160 2738 1301 2859 πῃπῇ,

102 2858 192 2923 citias
215 2858 393 2924 obtendens
416 2858 496 2924 odiis
512 2859 620 2924 Seiani
642 2879 700 2943 per
721 2858 861 2924 dedecus
876 2878 967 2924 suum
982 2856 1136 2942 gratifica·

97 2961 198 3025 batur.
236 2968 387 3046 precante
412 2982 466 3028 reo
489 2964 618 3028 brevem
639 2982 768 3046 moram,
793 2962 867 3027 dum
887 2969 1053 3027 accusator
1067 2981 1136 3026 con·

98 3065 202 3130 sulatu
217 3065 328 3147 abiret,
348 3066 535 3131 adversatus
551 3072 599 3131 est
615 3066 744 3132 Caesar:
765 3066 891 3131 solitum
908 3066 1025 3151 quippe
1040 3063 1136 3149 magi-

101 3168 251 3234 stratibus
274 3169 358 3234 diem
381 3168 514 3254 privatis
530 3168 648 3253 dicere,
671 3189 732 3235 nec
746 3168 983 3252 infringendum
1000 3168 1136 3234 consulis

98 3271 156 3352 ius,
187 3272 275 3337 cuius
305 3272 423 3357 vigiliis
452 3272 614 3353 niteretur,
645 3292 686 3336 ne
714 3272 799 3355 quod
821 3292 872 3338 res
894 3273 1023 3356 publica
1044 3271 1136 3336 detri-

98 3381 239 3440 mentum
256 3382 392 3459 caperet.
424 3375 586 3461 proprium
612 3375 646 3439 id
667 3375 795 3441 Tiberio
817 3375 878 3439 fuit
901 3376 1022 3440 scelera
1037 3395 1138 3459 nuper

98 3486 221 3564 reperta
251 3480 362 3563 priscis
393 3480 500 3545 verbis
530 3480 689 3564 obtegere.
727 3479 825 3564 igitur
850 3480 951 3544 multa
972 3478 1137 3544 adsevera-

99 3583 193 3666 tione,
225 3584 316 3665 quasi
347 3591 402 3649 aut
429 3584 555 3669 legibus
583 3605 654 3649 cum
677 3584 754 3650 Silio
785 3589 932 3668 ageretur
960 3589 1015 3648 aut
1037 3584 1136 3649 Varro

97 3688 207 3753 consul
222 3696 278 3753 aut
291 3688 369 3753 illud
384 3708 435 3753 res
450 3688 579 3772 publica
594 3694 687 3770 esset,
710 3694 865 3773 coguntur
879 3693 995 3772 patres.
1024 3687 1137 3752 silente

97 3811 160 3872 reo,
191 3792 242 3857 vel
265 3793 292 3857 si
315 3791 534 3858 defensionem
560 3798 730 3877 coeptaret,
761 3813 826 3857 non
849 3791 1025 3857 occultante
1048 3791 1136 3855 cuius

96 3894 144 3959 ira
158 3902 363 3979 premeretur,
380 3895 574 3962 conscientia
589 3896 665 3962 belli
679 3895 828 3963 Sacrovir
843 3894 904 3960 diu
915 3894 1160 3966 dissinnatus,
