2760 4214
502 166 526 204 a.
539 149 571 204 U.
585 165 607 204 c.
622 152 680 205 rcr.
709 166 735 217 p.
749 149 811 204 chr.
826 152 866 206 14.
1160 134 1198 199 ll

163 324 316 404 inserunt,
341 344 429 408 spem
452 325 597 405 offerunt,
642 331 760 389 metum
783 323 960 389 intendunt.
1006 319 1199 410 ‘quousque

164 428 264 492 filium
286 429 483 512 imperatoris
505 428 742 494 obsidebimus?
780 430 850 510 quis
873 430 1079 495 certaminum
1105 432 1200 497 linis?

165 533 381 598 Percennione
411 540 442 598 ct
472 534 629 598 Vibuleno
662 540 894 599 sacramentum
924 533 1037 599 dicturi
1070 537 1200 601 sumus?

165 638 359 703 Percennius
382 644 413 702 et
436 638 611 703 Vibulenus
633 638 793 722 stipendia
816 639 977 720 militibus,
1004 660 1097 723 agros
1120 660 1201 705 eme-

165 742 232 806 ritis
259 742 454 827 largientur?
500 742 637 824 denique
663 763 720 827 pro
748 743 927 808 Neronibus
954 751 985 808 et
1012 743 1125 809 Drusis
1147 745 1201 807 im-

165 845 287 930 perium
314 847 422 930 populi
448 847 584 911 Romani
611 847 799 931 capessent?
845 847 921 928 quin
947 848 1060 931 potius,
1089 853 1123 911 ut
1150 868 1202 912 no-

165 951 287 1015 vissimi
317 952 351 1015 in
381 952 515 1035 culpam,
544 952 590 1015 ita
619 952 712 1035 primi
742 950 783 1016 ad
813 951 1041 1035 paenitentiam
1072 952 1201 1018 sumus?

166 1054 257 1118 tarda
286 1061 360 1119 sunt
389 1076 471 1137 quae
500 1056 533 1120 in
566 1075 731 1121 commune
761 1055 1013 1139 expostulantur:
1044 1056 1202 1140 privatam

165 1159 302 1241 gratiam
325 1160 431 1224 statim
454 1180 604 1241 mercare,
632 1161 738 1225 statim
761 1153 918 1243 recipias.³
956 1160 1120 1225 commotis
1146 1180 1203 1244 per

165 1261 246 1326 hacc
268 1264 427 1328 mentibus
447 1270 479 1328 et
500 1263 583 1328 inter
605 1283 640 1329 se
662 1263 827 1347 suspectis,
850 1263 983 1327 tironem
1002 1284 1023 1327 a
1041 1270 1202 1345 veterano,

164 1366 324 1449 legionem
357 1388 377 1431 a
409 1368 534 1452 legione
568 1367 747 1433 dissociant.
811 1373 878 1431 tum
910 1366 1015 1433 redire
1051 1368 1203 1451 paulatim

166 1491 255 1535 amor
281 1471 438 1554 obsequii:
470 1472 618 1537 omittunt
644 1479 761 1556 portas,
793 1473 884 1556 signa
911 1492 1009 1537 unum
1035 1472 1068 1536 in
1100 1472 1202 1537 locum

166 1575 321 1659 principio
344 1576 508 1641 seditionis
531 1583 724 1660 congregata
747 1597 820 1642 suas
842 1577 875 1641 in
898 1576 990 1641 sedes
1012 1575 1162 1641 referunt.

255 1679 305 1743 29.
329 1681 451 1746 Drusus
474 1687 541 1745 orto
563 1680 615 1745 dic
639 1687 670 1745 et
692 1687 807 1746 vocata
829 1681 984 1762 contione,
1014 1700 1204 1762 quamquam
1257 1687 1342 1740 cruror

166 1783 254 1849 rudis
277 1783 413 1866 dicendi,
440 1785 604 1851 nobilitate
630 1785 772 1869 ingenita
798 1785 923 1850 incusat
948 1784 1063 1868 priora,
1092 1784 1204 1868 probat
1222 1756 1376 1879 hssffgssw

166 1889 361 1973 praesentia3
393 1895 490 1971 negat
516 1908 551 1954 se
577 1895 695 1954 terrore
723 1895 755 1954 et
784 1888 878 1953 minis
905 1888 1005 1953 vinci:
1036 1887 1137 1953 flexos
1163 1887 1205 1953 ad

166 1991 353 2057 modestiam
369 1992 396 2056 si
411 1992 529 2073 videat,
553 1993 579 2058 si
603 1992 760 2076 supplices
775 1991 894 2074 audiat,
919 1992 1107 2076 scripturum
1123 1992 1205 2076 patri

166 2102 201 2160 ut
223 2096 367 2179 placatus
389 2096 550 2179 legionum
573 2112 684 2180 preces
708 2096 877 2180 exciperet.
902 2097 1067 2162 orantibus
1082 2116 1205 2160 rursum

166 2198 253 2264 idem
275 2201 408 2264 Blaesus
430 2206 462 2264 et
483 2200 519 2264 L.
535 2193 703 2284 Apronius,
732 2219 829 2282 eques
852 2201 1014 2265 Romanus
1037 2219 1054 2264 e
1079 2199 1205 2264 cohorte

167 2303 273 2385 Drusi,
297 2305 465 2385 Iustusque
482 2303 642 2384 Catonius,
666 2303 759 2388 primi
781 2303 901 2368 ordinis
921 2304 1071 2383 centurio,
1094 2303 1136 2367 ad
1156 2303 1205 2367 Ti-

167 2408 292 2474 berium
321 2408 496 2472 mittuntur.
543 2415 695 2473 certatum
729 2407 803 2472 inde
838 2407 1013 2489 sententiis,
1048 2427 1119 2472 oum
1151 2407 1204 2471 alii

168 2511 378 2596 opperiendos
393 2513 516 2595 legatos
531 2519 626 2594 atquc
641 2513 766 2577 interim
783 2512 931 2576 comitate
945 2509 1205 2595 permulcendum

168 2616 300 2681 militem
335 2622 509 2696 censerent,
547 2617 599 2680 alii
635 2615 816 2681 fortioribus
848 2614 997 2680 remediis
1031 2614 1204 2698 agendum:

168 2720 247 2784 nihil
269 2721 303 2785 in
325 2721 421 2805 vulgo
444 2720 615 2805 modicum,
643 2727 771 2801 terrere,
798 2721 832 2784 ni
859 2725 1007 2804 paveant,
1035 2719 1090 2784 ubi
1112 2717 1205 2802 perti-

167 2825 314 2905 muerint,
341 2825 460 2908 inpune
488 2825 662 2890 contemni:
694 2823 768 2888 dum
796 2823 975 2907 superstitio
997 2828 1118 2906 urgeat,
1141 2821 1205 2886 adi-

168 2927 298 2993 ciendos
328 2950 368 2991 ex
401 2927 482 2993 duce
514 2934 617 2992 metus
652 2928 784 2993 sublatis
817 2926 981 2992 seditionis
1014 2927 1203 2991 auctoribus.

167 3038 347 3116 promptum
377 3031 419 3096 ad
448 3032 610 3116 asperiora
640 3031 804 3113 ingenium
832 3030 934 3095 Druso
964 3037 1045 3113 erat:
1076 3037 1205 3097 vocatos
1235 3037 1321 3117 ”fimi
1336 3037 1370 3082 Vt

166 3135 359 3200 Vibulenum
375 3142 406 3200 ct
421 3136 630 3200 Percennium
646 3134 780 3199 interfici
796 3134 892 3198 iubet.
921 3133 1049 3199 tradunt
1063 3134 1205 3217 plerique
1222 3105 1379 3159 mmm

166 3241 251 3304 intra
267 3241 505 3305 tabernaculum
519 3240 608 3304 ducis
620 3241 757 3319 obrutos,
774 3238 827 3302 alii
840 3258 970 3322 corpora
985 3245 1074 3302 extra
1087 3238 1203 3301 vallum

167 3344 294 3409 abiecta
316 3345 462 3409 ostentui.

254 3449 305 3512 30.
329 3450 411 3513 Tum
434 3455 468 3512 ut
491 3449 623 3532 quisque
645 3447 834 3532 praecipuus
861 3448 1001 3511 turbator
1027 3442 1203 3524 conquisiti,

168 3560 199 3617 et
221 3573 305 3637 pars,
330 3561 420 3618 extra
443 3560 545 3618 castra
568 3552 721 3635 palantes,
744 3571 765 3614 a
784 3548 1020 3615 centurionibus
1040 3552 1094 3610 aut
1117 3566 1204 3629 prac-

168 3658 317 3722 toriarum
341 3656 514 3722 cohortium
541 3655 693 3720 militibus
716 3654 815 3739 caesi3
844 3652 998 3736 quosdam
1024 3650 1084 3733 ipsi
1109 3650 1204 3713 mani-

167 3762 233 3846 puli
257 3761 479 3826 documentum
501 3759 576 3824 fidci
599 3757 767 3823 tradidere.
802 3762 935 3821 auxerat
957 3755 1090 3819 militum
1114 3774 1209 3818 curas

167 3872 368 3951 praematura
390 3865 492 3930 hiems
514 3864 669 3932 imbribus
692 3861 855 3931 continuis
877 3861 1031 3945 adeoque
1048 3859 1181 3932 saeuis,
1193 3859 1240 3913 us

214 3977 307 4021 anactea
319 3978 355 4020 bet
366 3976 460 4023 bocboc.
475 3979 493 4021 Ι.
525 3979 562 4032 (dl.
574 3979 665 4038 {brentog
680 3981 703 4027 iu
717 3980 816 4037 helprici
1125 3963 1149 4007 ἢ·
