2760 4214
435 208 460 247 a.
476 192 509 248 U.
523 208 546 247 c.
560 196 619 250 776.
643 210 669 262 p.
682 192 744 248 Chr.
757 196 799 250 23.
1077 178 1136 243 131

100 366 184 450 asyli
213 365 263 431 ius
292 372 327 430 ut
356 366 533 431 firmaretur
561 367 751 451 petentibus.
783 367 882 433 Samii
912 367 1039 433 decreto
1065 368 1138 432 Am-

99 469 308 554 phictyonum
330 470 520 551 nitebantur,
548 470 619 552 quis
641 471 845 556 praecipuum
868 471 929 535 suit
950 492 1054 536 rerum
1077 493 1138 537 om-

100 572 188 637 nium
210 571 371 654 iudicium,
396 593 459 655 qua
473 579 662 658 tempestate
678 574 792 639 Graeci
807 574 942 640 conditis
957 595 1015 660 per
1028 575 1138 640 Asiam

99 676 230 741 urbibus
252 696 308 741 ora
330 675 426 741 maris
449 676 660 761 potiebantur.
699 697 803 760 neque
826 677 934 763 dispar
955 678 1042 762 apud
1058 678 1139 745 Coos

100 779 283 861 antiquitas,
315 785 346 844 et
379 780 553 845 accedebat
582 781 728 846 meritum
758 801 800 846 ex
828 782 913 847 loco:
947 802 1022 846 nam
1053 782 1139 848 cives

99 883 259 949 Romanos
281 883 399 968 templo
421 884 602 968 Aesculapii
624 884 827 966 induxerant,
851 906 922 950 oum
945 886 1032 951 iussu
1055 887 1139 970 regis

100 985 291 1051 Mithridatis
319 986 406 1071 apud
437 993 567 1054 cunctas
588 988 686 1053 Asiae
715 989 835 1054 insulas
865 996 897 1054 et
926 990 1021 1055 urbes
1048 990 1139 1055 truci-

101 1087 258 1154 darentur.
290 1091 387 1156 variis
411 1090 526 1157 dehinc
549 1097 580 1156 et
603 1092 730 1176 saepius
752 1092 855 1158 inritis
870 1099 1050 1177 praetorum
1067 1113 1139 1176 que·

100 1193 211 1274 stibus,
234 1201 392 1277 postremo
408 1194 527 1260 Caesar
542 1194 583 1260 de
597 1194 787 1261 inmodestia
802 1195 989 1260 histrionum
1005 1197 1137 1262 rettulit:

101 1296 199 1360 multa
230 1297 271 1362 ab
301 1297 341 1362 iis
372 1298 406 1361 in
435 1298 595 1383 publicum
625 1299 784 1380 seditiose,
818 1298 913 1364 foeda
943 1320 1000 1383 per
1029 1300 1139 1367 domos

100 1401 261 1486 temptari3
297 1400 413 1466 Oscum
449 1401 607 1484 quondam
641 1401 806 1484 ludicrum,
840 1403 1020 1470 levissimae
1053 1404 1139 1488 apud

101 1504 233 1588 vulgum
262 1505 491 1587 oblectationis,
523 1527 560 1571 eo
583 1505 774 1590 flagitiorum
807 1514 839 1571 et
867 1507 981 1572 virium
1011 1509 1139 1573 venisse

100 1613 135 1671 ut
156 1608 342 1673 auctoritate
364 1616 488 1693 patrum
512 1609 720 1675 coercendum
742 1611 792 1675 sit.
831 1611 913 1694 pulsi
935 1617 1002 1675 tum
1018 1610 1139 1675 histrio-

101 1731 160 1776 nes
181 1713 283 1776 Italia.
1124 1726 1127 1731 ’

189 1815 238 1880 15.
262 1814 351 1880 Idem
374 1836 478 1881 annus
500 1816 562 1880 alio
586 1836 711 1899 quoque
732 1816 819 1882 luctu
835 1817 1005 1883 Caesarem
1020 1815 1138 1898 adficit,
1169 1882 1177 1926 ί
1204 1813 1259 1928 ⁶³5⁰*

101 1917 235 1982 alterum
269 1939 311 1983 ex
344 1920 480 2003 geminis
510 1920 605 1984 Drusi
635 1920 744 1984 liberis
776 1919 1004 2004 extinguendo,
1035 1940 1139 2002 neque
1157 1885 1312 2006 ‘assprffl'

100 2021 205 2087 minus
227 2028 326 2087 morte
348 2023 451 2088 amici.
482 2023 511 2087 is
533 2023 593 2088 suit
614 2024 754 2088 Lucilius
776 2025 914 2107 Longus,
939 2024 1080 2090 omnium
1094 2023 1139 2088 illi
1184 2023 1284 2136 gigni&

101 2126 237 2191 tristium
258 2126 474 2209 laetorumque
496 2128 600 2193 socius
614 2147 759 2210 unusque
776 2148 793 2192 e
810 2129 1009 2195 senatoribus
1023 2127 1139 2194 Rhodii
1185 2095 1281 2213 222,ss

101 2250 244 2295 secessus
273 2250 388 2295 comes.
425 2231 471 2294 ita
501 2251 693 2313 quamquam
715 2252 797 2297 novo
820 2231 940 2298 homini
963 2233 1138 2297 censorium
1208 2249 1260 2327 effe

100 2332 205 2414 funus,
245 2333 385 2417 effigiem
417 2333 504 2419 apud
536 2334 640 2400 forum
674 2334 811 2419 Augusti
844 2335 972 2420 publica
1004 2336 1139 2420 pecunia
1165 2319 1301 2440 ,¹:533

100 2443 206 2520 patres
229 2435 407 2518 decrevere,
435 2438 522 2522 apud
552 2458 631 2520 quos
660 2439 757 2503 etiam
787 2445 855 2503 tum
885 2445 999 2504 cuncta
1029 2445 1139 2504 tracta-

102 2541 227 2622 bantur,
257 2541 337 2607 adeo
371 2548 406 2605 ut
439 2547 621 2626 procurator
650 2542 747 2607 Asiae
777 2542 917 2606 Lucilius
948 2542 1061 2626 Capito
1090 2562 1138 2606 ac·

101 2650 231 2709 eusante
252 2644 417 2728 provincia
440 2665 569 2710 causam
591 2644 716 2726 dixerit,
740 2664 951 2728 magnacum
974 2643 1139 2709 adsevera-

68 2739 71 2744 ’
101 2747 186 2812 tione
215 2748 377 2832 principis,
408 2770 473 2816 non
496 2769 531 2814 se
553 2749 603 2814 ius
625 2748 687 2813 nisi
709 2749 744 2812 in
767 2748 905 2814 servitia*
925 2754 957 2812 et
986 2748 1139 2832 pecunias

99 2850 272 2916 familiares
305 2851 448 2936 dedisse,
489 2851 573 2934 quod
611 2851 637 2916 si
671 2852 736 2916 vim
770 2851 923 2936 praetoris
957 2858 1139 2935 usurpasset

99 2954 308 3036 manibusque
337 2954 472 3020 militum
498 2975 575 3020 usus
601 2955 691 3036 foret,
722 2963 829 3039 spreta
858 2955 892 3020 in
922 2975 960 3021 eo
988 2955 1140 3021 mandata

100 3078 171 3123 sua:
194 3057 340 3123 audirent
363 3059 472 3125 socios.
501 3060 546 3124 ita
568 3079 641 3124 reus
664 3060 789 3142 cognito
812 3060 938 3144 negotio
962 3058 1138 3124 damnatur.

100 3162 140 3226 ob
172 3182 267 3244 quam
296 3162 458 3244 ultionem,
490 3169 521 3228 et
553 3163 627 3245 quia
649 3164 753 3247 priore
775 3183 860 3228 anno
882 3162 915 3227 in
938 3163 972 3228 O.
997 3162 1139 3228 Silanum

100 3265 297 3330 vindicatum
320 3273 397 3348 erat,
421 3265 591 3332 decrevere
606 3266 704 3332 Asiae
726 3268 821 3332 urbes
844 3266 997 3349 templum
1012 3266 1139 3330 Tiberio

100 3370 256 3452 matrique
271 3370 339 3435 eius
354 3390 393 3434 ac
408 3370 541 3435 senatui.
573 3376 605 3435 et
624 3370 813 3455 permissum
835 3374 987 3433 statuere:
1011 3368 1139 3452 egitque

100 3474 184 3539 Nero
214 3482 322 3559 grates
351 3495 390 3540 ea
420 3494 517 3539 causa
547 3475 690 3558 patribus
720 3480 815 3556 atque
838 3493 908 3556 avo,
935 3472 1036 3536 laetas
1057 3472 1141 3536 inter

99 3577 297 3643 audientium
322 3577 530 3659 adfectiones,
562 3579 616 3660 qui
638 3577 759 3643 recenti
785 3575 937 3640 memoria
959 3575 1140 3640 Germanici

100 3681 188 3746 illum
217 3682 328 3766 aspici,
358 3681 447 3746 illum
476 3681 578 3746 audiri
608 3681 767 3746 rebantur.
805 3678 1001 3761 aderantque
1031 3679 1140 3743 iuveni

100 3784 255 3850 modestia
283 3805 322 3851 ac
351 3785 454 3852 forma
483 3785 626 3869 principe
655 3785 723 3849 viro
753 3783 861 3868 digna,
893 3783 976 3848 notis
1005 3783 1039 3847 in
1067 3801 1139 3848 enm

100 3888 209 3955 Seiani
231 3888 313 3955 odiis
335 3890 376 3955 ob
398 3889 574 3974 periculum
596 3888 747 3975 gratiora.
1030 3985 1066 4034 Ψ
