2760 4214
178 168 240 234 162
417 185 466 239 Ab
485 199 602 240 excessu
619 185 653 239 D.
666 185 788 255 Augusti
805 186 846 240 IV
865 189 976 242 72-75.

175 381 333 441 mensura,
356 360 457 425 donec
473 359 627 425 Olennius
643 379 660 424 e
680 360 926 444 primipilaribus
941 360 1090 444 regendis
1105 361 1218 426 Frisiis

175 465 331 549 inpositus
360 471 450 548 terga
479 484 606 529 urorum
633 463 761 548 delegit,
791 484 923 546 quorum
945 464 988 528 ad
1010 464 1145 530 formam
1168 485 1218 530 ao

176 569 362 653 ciperentur.
386 568 420 632 id
441 568 513 633 aliis
533 588 659 650 quoque
681 567 863 633 nationibus
885 568 1018 633 arduum
1040 568 1127 652 apud
1143 568 1218 634 Ger·

176 692 287 738 manos
316 671 477 737 difficilius
510 671 710 752 tolerabatur,
744 671 816 753 quis
844 672 1022 756 ingentium
1051 673 1217 738 beluarum

175 776 298 841 feraces
330 776 439 856 saltus,
473 774 598 840 modica
631 774 717 841 dorni
747 782 892 841 armenta
922 782 1003 841 sunt.
1048 795 1087 840 ac
1116 776 1217 859 primo

175 881 275 945 boves
296 879 391 968 ipsos,
415 899 489 943 mox
511 900 614 963 agros,
637 886 797 963 postremo
820 899 951 964 corpora
973 880 1142 963 coniugum
1162 885 1217 944 111

175 984 345 1049 liberorum
368 984 495 1049 servitio
519 983 696 1049 tradebant.
720 984 796 1048 hinc
811 985 859 1049 ira
875 990 907 1050 et
922 990 1063 1066 questus
1088 991 1120 1048 et
1134 989 1216 1068 post·

176 1108 272 1170 quarn
295 1107 358 1152 non
382 1088 639 1168 subveniebatur,
663 1087 838 1153 remedium
862 1107 903 1152 ex
925 1088 1017 1153 bello.
1056 1087 1140 1171 rapti
1163 1087 1217 1170 qui

176 1192 293 1256 tributo
316 1190 450 1256 aderant
472 1191 589 1256 milites
612 1197 644 1256 et
667 1191 809 1275 patibulo
840 1191 954 1255 adfixi:
989 1190 1144 1256 Olennius
1172 1191 1217 1255 in-

175 1295 283 1360 fensos
305 1295 384 1379 fuga
405 1296 581 1379 praevenit,
605 1302 752 1380 receptus
774 1297 913 1376 castello,
937 1297 987 1360 cui
1010 1316 1127 1362 nomen
1149 1296 1217 1361 Fle-

176 1420 265 1484 vum,
290 1406 321 1463 et
342 1398 428 1464 haud
451 1397 631 1483 spernenda
653 1399 717 1463 illic
740 1399 856 1464 civium
871 1399 1088 1481 sociorumque
1104 1418 1217 1464 manus

176 1503 269 1568 htora
291 1502 412 1568 Oceani
435 1502 646 1587 praesidebat.
1057 1514 1060 1522 '

39 1605 124 1686 aaron
265 1607 315 1671 73.
340 1606 432 1683 Quod
459 1607 514 1672 ubi
537 1608 572 1671 L.
596 1607 736 1691 Apronio
766 1606 924 1672 inferioris
947 1607 1137 1672 Germaniae
1160 1626 1217 1690 pro

11 1674 148 1798 ,mm
176 1718 321 1796 praetore
341 1711 512 1794 cognitum,
534 1711 652 1775 vexilla
666 1711 827 1794 legionum
844 1731 861 1776 e
876 1711 1037 1794 superiore
1052 1710 1218 1794 provincia

24 1823 90 1867 aaa
104 1814 139 1866 ve.
176 1814 382 1898 peditumque
413 1821 445 1879 et
475 1815 616 1897 equiturn
645 1815 848 1880 auxiliarium
880 1814 1018 1880 delectos
1040 1815 1156 1879 accivit
1178 1834 1218 1878 ac

83 1943 88 1950 ·
175 1919 269 1983 simul
297 1925 466 2000 utrumque
497 1919 671 1982 exercitum
693 1919 805 1983 Rheno
835 1918 1004 1983 devectum
1031 1919 1142 1984 Frisiis
1172 1919 1217 1982 in-

176 2022 256 2101 tulit,
288 2022 389 2086 soluto
418 2021 483 2086 iam
514 2021 634 2087 castelli
664 2022 787 2087 obsidio
811 2029 841 2087 et
863 2023 906 2087 ad
928 2043 986 2087 111
1008 2022 1142 2087 tutanda
1165 2022 1217 2086 de-

175 2125 293 2208 gressis
315 2125 494 2191 rebellibus.
523 2125 620 2208 igitur
642 2126 788 2209 proxima
809 2127 969 2191 aestuaria
990 2127 1162 2210 aggeribus
1185 2132 1217 2190 et

177 2227 326 2311 pontibus
341 2227 536 2294 traducendo
551 2230 690 2313 graviori
705 2230 826 2313 agmini
842 2229 954 2294 firmat.
978 2237 1073 2312 atque
1088 2230 1216 2294 interim

176 2332 311 2416 repertis
333 2332 425 2398 vadis
447 2334 530 2397 alam
552 2332 798 2399 Canninefatem
821 2341 853 2399 11
876 2333 961 2416 quod
983 2332 1217 2417 1111111911-

177 2456 341 2501 manorum
355 2437 439 2502 inter
453 2443 577 2503 nostros
593 2438 735 2503 merebat
751 2436 959 2521 circumgredi
975 2445 1065 2521 terga
1079 2437 1217 2502 hostiurn

175 2540 273 2621 iubet,
309 2541 362 2622 qui
391 2541 456 2605 iam
486 2542 555 2606 acie
587 2541 753 2625 compositi
782 2543 904 2626 pellunt
933 2547 1053 2606 turmas
1084 2541 1219 2607 sociales

177 2644 361 2725 equitesque
384 2645 544 2728 legionum
568 2643 709 2710 subsidio
733 2645 856 2712 missos.
880 2651 948 2709 turn
971 2651 1036 2709 tres
1057 2645 1146 2710 leves
1169 2666 1218 2710 co·

176 2748 283 2814 hortes
310 2769 348 2813 ac
375 2768 497 2813 rursum
525 2749 617 2829 duae,
651 2748 726 2814 dein
748 2756 890 2834 ternpore
913 2750 1077 2814 interiecto
1100 2749 1219 2816 alarius

177 2872 274 2934 eques
304 2853 466 2917 inmissus:
498 2853 575 2918 satis
598 2853 705 2934 validi,
738 2854 765 2918 si
788 2855 880 2919 simul
902 2853 1129 2936 incubuissent,
1160 2874 1219 2937 per
1252 2852 1257 2859 ’

176 2956 377 3020 intervallum
410 2955 622 3022 adventantes
654 2977 757 3040 neque
788 2957 998 3023 constantiam
1027 2956 1218 3023 addiderant

176 3060 311 3124 turbatis
345 3065 377 3123 et
409 3080 527 3144 pavore
567 3060 757 3144 fugientium
794 3061 1027 3126 auferebantur.
1075 3061 1217 3146 Cethego

177 3163 319 3228 Labeoni
338 3164 443 3247 legato
460 3165 590 3246 quintae
605 3165 741 3248 legionis
757 3164 841 3248 quod
856 3165 1012 3247 reliquum
1027 3165 1217 3230 auxiliorum

175 3266 280 3332 tradit.
326 3273 423 3349 atque
453 3268 505 3333 ille
536 3268 634 3333 dubia
664 3289 791 3334 suorum
821 3290 855 3334 re
885 3270 918 3334 in
948 3290 1067 3354 anceps
1097 3276 1219 3335 tractus

177 3372 282 3437 missis
297 3372 417 3437 nuntiis
433 3372 498 3437 vim
514 3372 675 3456 legionum
690 3373 877 3457 inplorabat.
908 3379 1115 3458 prorumpunt
1131 3374 1219 3455 quin-

176 3476 242 3540 tani
272 3480 347 3540 ante
376 3475 456 3540 alios
487 3483 518 3539 et
539 3477 605 3541 acri
629 3497 737 3560 pugna
759 3476 851 3542 hoste
878 3478 968 3560 pulso
990 3473 1147 3560 recipiunt
1170 3497 1220 3543 co·

175 3579 274 3644 hortis
303 3579 434 3660 alasque
464 3578 566 3645 fessas
596 3579 789 3645 vulneribus.
836 3600 940 3663 neque
967 3579 1033 3644 dux
1054 3582 1220 3646 Romanus

176 3683 413 3749 1111111111111
437 3703 568 3768 corpora
595 3683 749 3766 humavit,
781 3705 973 3767 quamquam
1003 3685 1093 3749 multi
1123 3684 1219 3750 tribu-

172 3808 285 3854 norum
297 3786 595 3874 praefectorumque
607 3794 639 3854 11
650 3789 793 3871 insignes
805 3789 1005 3854 centuriones
1018 3788 1218 3855 cecidissent.

159 3915 240 3961 mox
265 3903 473 3986 compertum
490 3918 510 3964 a
524 3883 1117 3979 111111111111111111111111111111
1132 3895 1220 3979 apud
