2760 4214
20 1012 87 1057 estne

1 1082 130 1132 renuuntur.

151 183 171 244 2
421 196 469 250 Ab
489 210 604 250 excessu
622 197 654 250 D.
669 197 792 266 Augusti
811 199 824 251 Ι
843 202 919 254 2-5.

151 372 221 451 tior,
245 372 358 456 opibus
378 378 409 436 et
429 371 600 437 honoribus
621 372 845 436 extollerentur
863 393 902 437 ao
921 374 1012 438 novis
1033 393 1074 437 ex
1094 373 1189 437 rebus

151 476 235 539 auoti
250 481 318 539 tuta
334 482 365 540 et
379 475 560 560 praesentia
576 495 669 557 quam
686 483 795 540 vetera
810 482 841 540 et
856 476 1032 560 periculosa
1047 476 1187 540 mallent.

150 599 254 662 neque
269 579 452 663 provinciae
466 579 554 643 illum
570 599 673 642 rerum
689 586 805 645 statum
825 580 1018 661 abnuebant,
1041 585 1188 664 suspecto

151 689 279 748 senatus
311 684 481 768 populique
513 684 645 768 imperio
676 685 715 748 ob
748 685 921 749 certamina
950 685 1126 768 potentium
1157 691 1188 748 et

150 787 316 871 avaritiam
333 787 583 870 magistratuum,
606 786 745 852 invalido
765 788 872 872 legum
891 789 1019 870 auxilio,
1044 808 1125 870 quae
1145 789 1187 869 vi,

150 891 282 979 ambitu,
306 897 464 974 postremo
486 892 622 975 pecunia
645 892 863 957 turbabantur.

256 995 285 1058 3.
315 996 461 1061 Ceterum
492 995 654 1079 Augustus
685 995 827 1062 subsidia
861 997 1068 1062 dominationi
1099 996 1188 1061 Olau-

149 1101 237 1165 dium
264 1101 445 1165 Marcellum
476 1100 590 1165 sororis
621 1100 719 1164 filium
749 1100 920 1165 admodum
951 1100 1188 1166 adulescentem

149 1205 336 1290 pontificatu
360 1211 391 1269 et
414 1204 513 1269 curuli
535 1203 707 1286 aedilitate,
738 1206 779 1269 Μ.
801 1205 986 1289 Agrippam,
1015 1205 1187 1289 ignobilem

148 1309 228 1390 loco,
255 1310 374 1374 bonum
401 1308 514 1372 militia
542 1314 574 1372 et
596 1309 747 1373 victoriae
771 1309 900 1390 socium,
924 1309 1094 1392 geminatis
1118 1329 1187 1373 con-

150 1414 304 1479 sulatibus
316 1414 439 1495 extulit,
456 1433 531 1478 mox
548 1413 696 1478 defuncto
708 1413 856 1478 Marcello
871 1433 1024 1498 generum
1039 1413 1186 1496 sumpsit;

149 1519 311 1583 Tiberium
335 1519 495 1583 Neronem
522 1524 554 1582 et
584 1517 749 1582 Claudium
776 1519 915 1581 Drusum
943 1517 1106 1601 privignos
1132 1516 1187 1580 im·

142 1622 316 1707 'peratoriis
335 1621 516 1686 nominibus
535 1620 635 1702 auxit,
659 1621 784 1705 integra
803 1621 899 1687 etiam
919 1627 986 1685 tum
1006 1619 1099 1686 domo
1120 1640 1187 1684 sua.

150 1747 225 1790 nam
259 1726 383 1810 genitos
413 1725 555 1808 Agrippa
585 1724 700 1789 Gaium
733 1745 772 1789 ae
801 1725 933 1790 Lucium
966 1725 999 1788 in
1034 1724 1188 1787 familiam

150 1831 321 1896 Caesarum
353 1828 538 1910 induxerat,
576 1828 713 1892 necdum
742 1828 846 1912 posita
878 1828 991 1913 puerili
1021 1834 1189 1912 praetexta

150 1934 309 2019 principes
336 1933 508 1997 iuventutis
536 1932 698 2017 appellari,
730 1932 883 1997 destinari
911 1933 1055 1997 consules
1082 1931 1188 2016 specie

150 2038 326 2104 recusantis
348 2036 593 2120 flagrantissime
617 2037 788 2119 cupiverat.
814 2043 848 2100 ut
863 2036 1007 2121 Agrippa
1029 2036 1095 2100 rita
1118 2055 1188 2099 oon-

151 2142 256 2222 cessit,
283 2141 417 2205 Lucium
440 2140 609 2205 Caesarem
637 2146 764 2204 euntem
791 2138 833 2204 ad
856 2140 1078 2224 Hispaniensis
1101 2160 1189 2204 exer-

150 2248 241 2327 citus,
270 2245 383 2310 Gaium
406 2251 601 2309 remeantem
625 2244 777 2308 Armenia
804 2251 835 2309 et
862 2245 991 2310 vulnere
1013 2242 1189 2308 invalidum

151 2371 235 2416 mors
264 2350 329 2414 sato
359 2369 492 2434 propera
521 2350 573 2414 vel
603 2368 759 2413 novercae
786 2349 898 2413 Liviae
928 2348 1018 2414 dolus
1048 2349 1188 2429 abstulit,

151 2457 318 2537 Drusoque
344 2453 466 2537 pridem
495 2453 636 2518 extincto
659 2453 744 2518 Nero
772 2453 855 2518 solus
883 2473 901 2517 e
927 2453 1083 2537 privignis
1111 2459 1188 2534 erat,

151 2561 224 2626 illuc
252 2565 366 2624 cuncta
393 2578 538 2641 vergere:
566 2557 659 2637 filius,
683 2557 805 2640 collega
827 2557 960 2642 imperii,
989 2577 1116 2622 consors
1139 2557 1190 2620 tri-

150 2664 297 2729 buniciae
331 2662 496 2747 potestatis
530 2661 708 2726 adsumitur
741 2662 905 2745 omnisque
939 2682 996 2746 per
1030 2661 1190 2726 exercitus

150 2774 335 2847 ostentatur,
366 2786 430 2831 non
458 2765 672 2846 obscuris,‚ut
698 2772 803 2847 antea,
832 2766 941 2830 matris
970 2766 1101 2846 artibus,
1132 2765 1189 2829 sed

150 2873 256 2956 palam
278 2871 414 2935 hortatu.
454 2890 529 2933 nam
551 2889 661 2934 senem
684 2869 862 2953 Augustum
886 2870 1075 2934 devinxerat
1098 2868 1189 2949 adeo,

151 2976 197 3039 uti
224 2980 373 3058 nepotem
400 2973 538 3053 unicum,
571 2973 745 3057 Agrippam
768 2974 962 3054 Postumum,
992 2974 1026 3037 in
1053 2974 1189 3037 insulam

150 3079 333 3143 Planasiam
366 3078 543 3161 proiecerit,
576 3075 687 3141 rudem
719 3097 796 3142 sane
826 3079 981 3142 bonarum
1012 3077 1127 3141 artium
1158 3086 1190 3140 et

150 3183 263 3248 robore
295 3182 432 3266 eorporis
462 3179 576 3251 stolide
606 3180 754 3261 ferocem,
789 3181 905 3246 nullius
938 3187 1045 3244 tamen
1076 3179 1190 3263 flagitii

152 3292 345 3370 conpertum.
390 3291 424 3349 at
453 3284 581 3349 hercule
608 3283 833 3348 Germanicum
859 3283 961 3349 Druso
989 3291 1092 3348 ortum
1119 3289 1189 3348 oeto

151 3389 238 3475 apud
259 3389 407 3454 Rhenum
433 3389 613 3472 legionibus
640 3388 779 3471 inposuit
805 3387 984 3470 adscirique
1011 3407 1068 3471 per
1094 3386 1190 3470 adop·

150 3496 270 3560 tionem
290 3492 452 3558 aTiberio
471 3493 571 3572 iussit,
596 3511 788 3574 quamquam
808 3497 893 3556 esset
912 3492 945 3555 in
961 3492 1054 3556 domo
1070 3490 1190 3555 Tiberii

152 3599 235 3663 filius
265 3597 400 3677 iuvenis,
435 3595 492 3661 sed
522 3616 584 3678 quo
614 3595 756 3679 pluribus
786 3595 990 3660 munimentis
1020 3596 1187 3659 insisteret.

152 3703 275 3767 Bellum
305 3721 344 3765 ea
374 3706 562 3784 tempestate
595 3700 715 3763 nullum
746 3700 808 3764 nisi
837 3699 990 3765 adversus
1014 3699 1189 3764 Germanos

152 3811 327 3891 supererat,
357 3804 533 3870 abolendae
564 3804 667 3887 magis
694 3803 844 3869 infamiae
871 3806 911 3869 ob
939 3804 1090 3868 amissum
1119 3823 1190 3866 eum

142 3910 301 3987 Quintilio
331 3909 412 3976 Varo
440 3907 618 3976 exercitum
643 3928 741 3992 quam
762 3906 910 3992 cupidine
933 3906 1114 3992 proferendi
1137 3908 1191 3970 irn-
