2760 4214
251 135 312 200 188
483 154 532 208 Ab
550 169 666 208 excessu
683 155 717 208 D.
731 155 858 224 Augusti
870 155 911 210 Vl
931 158 1043 211 36-39.

208 329 215 342 '
248 326 391 393 adversis
425 328 612 412 proeliorum
643 329 820 394 exitiosum.
866 328 962 413 igitur
995 329 1158 408 Sinnaces,
1194 348 1287 410 quem

97 1769 201 1815 bitenius

120 1836 180 1892 thau

249 436 344 495 antea
366 431 525 496 intensum
549 432 730 514 memoravi,
763 438 885 517 patrem
908 431 1123 515 Abdagaesen
1145 431 1288 512 aliosque

248 535 386 599 occultos
417 535 538 600 consilii
568 541 600 599 et
627 541 702 600 tunc
732 537 889 600 continuis
912 535 1056 600 cladibus
1078 535 1287 618 promptiores

247 637 289 701 ad
313 636 523 703 defectionem
546 639 651 720 trahit,
679 638 893 704 adfluentibus
922 639 1086 723 paulatim,
1118 639 1171 721 qui
1200 644 1287 702 metu

248 742 350 825 magis
384 762 479 823 quam
512 743 736 807 benevolentia
769 742 904 808 subiecti
938 743 1072 826 repertis
1105 742 1287 807 auctoribus

248 844 439 910 sustulerant
461 846 610 910 animum.
656 866 716 911 nec
738 847 802 911 iarn
824 845 911 910 aliud
933 846 1097 911 Artabano
1119 845 1285 927 reliquum,

248 969 343 1031 quam
367 949 393 1012 si
416 949 470 1030 qui
493 956 696 1014 externorum
720 950 840 1034 corpori
870 949 1016 1015 custodes
1046 948 1189 1029 aderant,
1220 949 1286 1014 suis

248 1053 381 1135 quisque
412 1053 541 1118 sedibus
571 1060 722 1135 extorres,
757 1053 828 1135 quis
861 1073 966 1135 neque
999 1053 1074 1118 boni
1108 1052 1286 1118 intellectus

247 1178 351 1239 neque
373 1157 447 1220 mali
468 1178 553 1238 cura,
577 1157 634 1223 sed
648 1157 796 1222 mercede
810 1159 938 1222 aluntur
952 1157 1087 1222 ministri
1102 1156 1284 1221 sceleribus

247 1260 296 1325 his
318 1261 496 1345 adsumptis
511 1263 543 1325 in
559 1262 735 1346 longinqua
750 1268 782 1327 et
797 1261 992 1326 contermina
1007 1260 1159 1343 Scythiae
1174 1259 1285 1343 fugam

246 1365 426 1446 maturavit,
459 1385 515 1449 spe
537 1366 658 1446 auxilii,
687 1366 761 1448 quia
783 1366 942 1448 Hyrcanis
966 1364 1206 1446 Carmaniisque
1228 1383 1286 1447 per

245 1468 443 1534 adfinitatem
469 1469 607 1533 innexus
635 1475 715 1534 erat:
750 1476 846 1551 atquc
876 1470 1001 1534 interim
1031 1488 1124 1553 possc
1150 1468 1285 1533 Parthos

245 1573 426 1638 absentium
456 1592 585 1655 aequos,
619 1573 839 1656 praesentibus
873 1573 1016 1654 mobiles,
1049 1572 1093 1636 ad
1122 1573 1283 1656 paeniten-

244 1679 320 1742 tiam
342 1675 466 1740 mutari.
490 1667 494 1674 ’

331 1782 382 1844 37.
406 1781 450 1844 At
465 1779 609 1844 Vitellius
626 1779 758 1863 profugo
773 1780 937 1844 Artabano
953 1786 984 1844 ct
999 1779 1092 1844 fieris
1107 1778 1150 1842 ad
1166 1798 1284 1843 norum

72 1908 228 1954 stastatuta
245 1906 352 1969 regem
374 1884 572 1969 popularium
595 1884 720 1965 animis,
743 1884 886 1949 hortatus
912 1883 1076 1948 Tiridaten
1100 1890 1212 1967 parata
1235 1903 1283 1948 ca·

126 1978 175 2030 aaa

94 2045 207 2099 Eortbtru.

245 2008 381 2072 pessare,
405 1987 500 2052 robur
520 1986 681 2069 legionum
705 1986 923 2070 sociorumque
938 1987 1040 2070 ripam
1055 1985 1097 2051 ad
1113 1985 1283 2070 Euphratis

245 2092 341 2156 ducit.
380 2090 639 2172 sacrificantibus,
671 2111 743 2155 cum
769 2090 822 2155 hic
844 2111 930 2155 more
952 2093 1095 2155 Romano
1118 2096 1283 2155 suovetau-

245 2196 315 2260 rilia
337 2195 436 2274 daret,
460 2193 511 2258 illc
534 2215 649 2276 equum
670 2195 824 2278 placando
840 2194 926 2259 amni
941 2193 1136 2274 adornasset,
1160 2193 1282 2257 nuntia·

246 2319 320 2364 vere
349 2298 476 2362 accolae
499 2298 682 2383 Euphraten
709 2298 796 2362 nulla
821 2297 970 2362 imbrium
992 2297 1025 2362 vi
1048 2303 1161 2381 sponte
1184 2302 1216 2362 et
1238 2297 1282 2360 in-

244 2423 387 2469 mensum
409 2403 520 2483 attolli,
550 2403 644 2466 simul
666 2402 847 2467 albentibus
869 2402 989 2485 spumis
1011 2400 1044 2465 in
1067 2399 1195 2484 modum
1219 2398 1282 2463 dia-

244 2508 378 2572 dematis
406 2507 532 2571 sinuare
561 2507 662 2587 orbes,
693 2505 868 2590 auspicium
892 2504 1032 2590 prosperi
1055 2511 1280 2588 transgressus.

244 2611 372 2694 quidam
396 2609 539 2675 callidius
560 2610 858 2693 interpretabantur,
881 2609 972 2673 initia
996 2614 1126 2673 conatus
1142 2605 1282 2673 secunda

244 2735 347 2797 neque
370 2713 528 2794 diuturna,
553 2714 627 2795 quia
650 2733 767 2794 corum,
796 2733 877 2795 quae
900 2719 984 2776 terra
1007 2712 1136 2776 caelove
1159 2718 1281 2795 porten-

243 2816 402 2897 derentur,
430 2817 543 2880 certior
565 2814 655 2897 fides,
685 2816 850 2880 fluminum
873 2815 1029 2880 instabilis
1052 2821 1166 2879 natura
1189 2813 1282 2879 simul

243 2919 424 2985 ostenderet
446 2919 552 2984 omina
574 2927 771 3003 raperetque.
810 2919 867 2984 sed
889 2925 986 3004 ponte
1009 2919 1144 2984 navibus
1168 2918 1281 2982 effecto

244 3023 452 3104 tramissoque
475 3024 616 3088 exercitu
638 3024 757 3108 primus
781 3022 984 3107 Ornospades
1010 3023 1117 3086 multis
1139 3022 1281 3103 equiturn

243 3127 370 3192 milibus
392 3127 426 3190 in
450 3134 553 3192 castra
575 3129 672 3208 venit,
704 3127 778 3191 exul
805 3126 964 3209 quondam
987 3133 1019 3190 et
1040 3125 1178 3206 Tiberio,
1209 3145 1283 3189 curn

243 3230 453 3297 Delmaticum
477 3232 594 3296 bellum
618 3231 794 3311 conficeret,
825 3229 911 3295 haud
938 3230 1091 3313 inglorius
1114 3227 1283 3293 auxiliator

243 3355 343 3418 eoque
370 3335 498 3400 civitate
521 3337 666 3400 Romana
695 3335 840 3415 donatus,
872 3353 947 3398 mox
977 3332 1282 3417 repetita-amicitia

241 3439 326 3522 regis
355 3439 453 3503 multo
480 3437 566 3522 apud
597 3459 669 3502 curn
698 3437 827 3517 honore,
860 3436 1041 3520 praefectus
1064 3436 1194 3520 campis,
1226 3436 1281 3518 qui

243 3542 404 3627 Euphrate
427 3548 459 3606 et
480 3543 577 3626 Tigre
604 3541 731 3606 inclutis
760 3542 908 3606 amnibus
938 3540 1111 3605 circumflui
1141 3541 1282 3624 Mesopo·

241 3644 358 3710 tamiae
387 3665 503 3710 nornen
532 3651 731 3729 acceperunt.
777 3664 881 3725 neque
909 3644 1006 3709 multo
1033 3650 1104 3728 post
1126 3644 1282 3709 Sinnaces

241 3751 341 3833 auget
361 3749 478 3833 copias,
503 3755 534 3813 ct
557 3749 700 3813 columen
723 3748 860 3832 partium
884 3747 1092 3832 Abdagaeses
1113 3769 1227 3832 gazam
1249 3756 1282 3814 et

77 3872 127 3952 ι
227 3859 368 3938 paratus
389 3853 497 3940 regios
520 3851 628 3920 adicit.
657 3853 803 3919 Vitellius
826 3859 1002 3918 ostentasse
1025 3855 1170 3918 Romana
1191 3873 1281 3917 arma
