2760 4214
503 193 682 250 aueum
709 209 735 261 p.
749 191 811 247 cnr.
824 195 866 248 ao.
1139 175 1200 239 155

164 366 381 432 incredibilem
412 386 520 430 casum
547 364 768 450 providebant,
799 373 834 431 ut
856 365 1003 431 undecim
1026 386 1083 450 per
1105 385 1206 430 annos

163 472 268 536 libens
289 470 393 554 patria
415 478 544 536 careret.
590 491 666 536 mox
688 471 791 554 patuit
814 471 911 535 breve
935 468 1106 535 confinium
1129 469 1207 534 artis

166 580 197 639 et
218 574 300 655 falsi,
324 594 463 655 veraque
487 594 582 656 quam
605 575 748 639 obscuris
770 580 961 658 tegerentur.
1004 593 1080 637 nam
1102 573 1136 636 in
1158 593 1206 637 ur-

165 679 238 744 bem
260 699 323 743 non
348 698 563 761 regressurum
586 677 673 742 haud
694 678 776 744 forte
799 678 929 742 dictum:
957 685 1130 743 ceterorum
1153 697 1206 742 nc-

165 783 223 848 scii
245 802 349 865 egere,
373 802 444 847 cum
466 782 644 866 propinquo
659 802 730 846 rure
745 788 801 846 aut
815 783 906 847 litore
922 789 953 846 et
968 801 1065 866 saepe
1081 781 1207 845 moenia

165 887 252 951 urbis
275 885 426 951 adsidens
449 892 624 950 extremam
648 894 812 951 senectam
835 886 1048 969 compleverit.

252 989 304 1054 59.
336 993 383 1053 Ac
412 988 494 1055 forte
523 990 585 1054 illis
615 989 728 1054 diebus
758 991 899 1056 oblatum
928 990 1057 1056 Caesari
1087 1008 1206 1073 anceps
1230 986 1376 1100 percauta

167 1093 339 1179 periculum
362 1094 452 1158 auxit
475 1114 558 1158 vana
580 1095 713 1158 rumoris
728 1094 936 1178 praebuitque
951 1094 1014 1177 ipsi
1029 1093 1203 1174 materiem,
1223 1054 1380 1178 „adapsilis

166 1219 221 1263 cur
243 1198 401 1262 amicitiae
425 1198 684 1280 constantiaeque
699 1198 807 1263 Seiani
830 1198 933 1281 magis
953 1197 1073 1263 fideret.
1098 1216 1205 1262 vesce-
1253 1192 1353 1310 {illm

166 1302 281 1366 bantur
304 1301 444 1382 invilla,
476 1301 527 1365 cui
548 1302 737 1366 vocabulum
761 1302 948 1385 Speluncae,
979 1322 1066 1366 mare
1088 1302 1205 1364 Amun-
1269 1265 1350 1398 gfff

167 1407 292 1470 clauum
315 1405 397 1470 inter
420 1412 451 1469 et
473 1404 647 1470 Fundanos
669 1412 802 1489 montes,
825 1405 934 1470 nativo
957 1405 989 1469 in
1006 1425 1112 1488 specu.
1137 1404 1206 1469 eius
1253 1421 1351 1474 unctum

167 1531 202 1575 os
224 1510 321 1593 lapsis
344 1515 475 1594 repente
498 1510 585 1575 saxis
609 1510 712 1574 obruit
742 1509 896 1592 quosdam
926 1510 1099 1574 ministros:
1131 1507 1206 1572 hino
1241 1491 1280 1544 “¹¹¹
1294 1491 1365 1545 uem

167 1619 270 1678 metus
292 1613 324 1677 in
349 1633 458 1678 omnes
481 1619 513 1677 et
535 1613 612 1696 suga
635 1633 752 1694 eorum,
788 1614 841 1695 qui
865 1613 1046 1677 convivium
1070 1612 1206 1677 celebra-

166 1720 253 1784 bant.
282 1718 417 1784 Seianus
439 1738 524 1800 genu
547 1718 700 1799 vultuque
716 1725 748 1781 et
763 1718 909 1782 manibus
926 1737 1020 1801 super
1036 1718 1206 1782 Caesarem

167 1842 339 1906 suspensus
366 1822 513 1905 opposuit
536 1841 605 1886 sese
628 1820 852 1901 incidentibus,
883 1828 980 1903 atque
1010 1819 1121 1884 habitu
1151 1820 1207 1884 tali

167 1931 310 2009 repertus
332 1930 381 1990 est
403 1945 424 1988 a
444 1925 608 2004 militibus,
641 1925 694 2006 qui
725 1923 866 1990 subsidio
897 1931 1060 1988 venerant.
1106 1923 1206 1988 maior

168 2049 208 2094 ex
226 2049 272 2110 eo,
297 2036 329 2094 et
349 2049 540 2111 quamquam
557 2029 692 2094 exitiosa
707 2028 864 2110 suaderet,
888 2035 1000 2093 utnon
1017 2029 1065 2093 sui
1080 2028 1206 2108 anxius,

168 2153 239 2198 cum
261 2132 325 2196 fido
347 2132 545 2197 audiebatur.
591 2132 866 2214 adsimulabatque
888 2132 1002 2198 iudicis
1025 2139 1132 2216 partes
1154 2131 1207 2196 ad-

168 2256 295 2301 versum
311 2236 492 2301 Germanioi
516 2237 657 2320 stirpem,
682 2235 816 2301 subditis
839 2237 893 2319 qui
916 2243 1134 2301 accusatorum
1155 2257 1208 2302 no-

168 2340 256 2404 mina
271 2340 463 2405 sustinerent
479 2341 680 2422 maximeque
692 2340 922 2405 insectarentur
933 2342 1093 2404 Neronem
1105 2340 1208 2423 proxi-

169 2462 255 2508 mum
271 2444 463 2509 successioni
480 2450 520 2523 et,
545 2464 737 2526 quamquam
753 2444 897 2509 modesta
912 2445 1051 2524 iuventa,
1075 2443 1208 2526 plerum-

170 2568 230 2630 que
259 2554 369 2612 tamen
400 2546 476 2629 quid
502 2548 535 2612 in
565 2549 814 2632 praesentiarum
846 2546 1035 2611 conduceret
1065 2547 1207 2627 oblitum,

168 2649 244 2714 dum
268 2671 288 2714 a
308 2650 431 2716 libertis
458 2657 490 2715 ct
517 2651 694 2732 clientibus,
725 2649 918 2735 apiscendae
947 2649 1110 2734 potentiae
1140 2669 1207 2732 pro

169 2755 263 2839 peris,
287 2752 509 2819 exstimulatur
528 2761 562 2819 ut
582 2762 721 2820 erectum
737 2761 769 2820 et
783 2754 934 2819 fidentem
949 2754 1090 2818 animum
1106 2758 1208 2819 osten-

169 2858 271 2923 deret:
295 2859 378 2923 velle
399 2856 433 2922 id
455 2859 606 2943 populum
623 2861 809 2940 Romanum,
834 2878 949 2943 cupere
965 2858 1132 2938 exercitus,
1156 2878 1208 2923 nc-

170 2982 232 3044 que
253 2982 402 3027 ausurum
426 2968 536 3027 contra
551 2963 712 3044 Seianum,
736 2963 790 3045 qui
813 2983 898 3027 nuno
920 2962 1107 3046 patientiam
1123 2962 1208 3027 senis

170 3072 202 3130 et
225 3066 394 3149 segnitiam
417 3066 542 3132 iuvenis
563 3067 655 3130 iuxta
677 3067 814 3131 insultet.

257 3169 309 3234 60.
332 3170 421 3234 Haec
443 3176 540 3252 atque
562 3170 639 3234 talia
660 3169 802 3234 audienti
830 3169 908 3233 nihil
934 3169 1062 3251 quidem
1089 3188 1209 3252 pravae
1233 3163 1380 3285 azima

171 3274 379 3358 cogitationis,
404 3272 461 3338 sed
477 3273 634 3338 interdum
650 3293 745 3338 voces
768 3273 983 3357 procedebant
1006 3279 1208 3338 contumaces
1252 3303 1296 3346 „aa
1311 3301 1362 3345 aa.

171 3386 203 3443 et
223 3379 429 3459 inconsultae,
454 3398 533 3460 quas
555 3378 691 3461 adpositi
707 3378 854 3443 custodes
870 3385 1021 3460 exceptas
1036 3383 1208 3458 auctasque
1246 3371 1365 3427 mmm

171 3502 242 3547 curn
265 3481 426 3547 deferrent
448 3502 551 3564 neque
567 3483 687 3547 Neroni
710 3481 882 3547 defendere
902 3481 1039 3560 daretur,
1063 3479 1208 3545 diversae

170 3587 300 3670 insuper
322 3585 567 3651 sollicitudinum
590 3585 710 3651 formae
733 3587 924 3651 oriebantur.
960 3605 1033 3649 nam
1056 3583 1138 3649 alius
1160 3604 1208 3648 oc·

171 3710 297 3754 cursum
326 3690 394 3754 eius
423 3689 533 3770 vitare,
564 3688 693 3770 quidam
727 3689 916 3755 salutatione
946 3686 1071 3753 reddita
1102 3688 1208 3752 statim

171 3794 282 3874 averti,
299 3793 441 3877 plerique
456 3793 617 3876 inceptum
634 3812 811 3858 sermonem
826 3793 1024 3876 abrumpere,
1040 3790 1209 3856 insistenti·

171 3898 231 3963 bus
255 3903 364 3963 oonba
386 3896 661 3982 inridentibusque
689 3897 746 3982 qui
766 3896 887 3965 Seiano
907 3895 1059 3962 lautores
1076 3893 1233 3956 aberam.
