2760 4214
186 156 226 218 12
435 173 485 227 Ar
504 173 810 244 exoccupemus
828 175 842 228 1
862 177 985 231 17-22.·

186 347 371 413 vacationes
393 368 558 414 munerum
581 348 703 415 redimi.
742 355 775 413 at
797 348 925 414 hercule
948 350 1083 432 verbera
1106 354 1138 413 et
1160 349 1225 413 vul·

186 472 273 532 nera,
304 449 415 516 duram
442 450 589 534 hiemem,
621 452 778 518 exercitas
809 459 957 534 aestates,
988 453 1106 518 bellum
1133 458 1224 517 atrox

186 561 243 619 aut
270 555 409 621 sterilem
435 575 547 639 pacem
569 557 771 640 sempiterna.
817 577 877 622 nec
896 554 987 622 'aliud
1009 559 1232 622 levamentum⁴

184 679 279 741 quam
307 659 334 724 si
361 659 456 724 certis
483 661 540 725 sub
569 660 694 743 legibus
721 661 833 724 militia
856 661 996 742 iniretur,
1026 666 1061 724 ut
1084 660 1224 744 singulos

185 762 333 828 denarios
353 767 520 844 mererent,
544 769 653 828 sextus
674 762 827 829 decumus
843 763 995 848 stipendii
1010 783 1113 828 annus
1128 758 1225 828 finem
1254 812 1257 821 .

184 866 333 950 adferret,
362 867 509 937 neultra
531 868 590 933 sub
614 869 740 935 vexillis
763 875 957 950 tenerentur,
987 868 1044 933 scd
1066 867 1168 932 isdem
1190 867 1224 930 in

185 973 296 1037 castris
322 973 499 1056 praemium
525 960 661 1057 pecunia
683 974 866 1039 solveretur.
913 994 954 1037 an
978 958 1153 1056 praetorias
1176 991 1224 1037 co-

184 1075 300 1156 hortes,
329 1096 410 1158 quae
434 1077 525 1142 binos
548 1076 695 1143 denarios
717 1078 908 1161 acceperint,
938 1097 1020 1159 quae
1042 1082 1115 1160 post
1137 1073 1225 1140 sede-

184 1179 245 1243 cim
275 1200 376 1246 annos
405 1181 574 1264 penatibus
604 1182 670 1246 suis
699 1181 882 1260 reddantur,
913 1181 985 1265 plus
1014 1179 1225 1263 periculorum

183 1283 366 1367 suscipere?
411 1305 475 1349 non
503 1285 673 1351 obtrectari
699 1305 721 1348 a
743 1305 778 1350 se
801 1287 942 1350 urbanas
965 1283 1131 1349 excubias:
1162 1282 1224 1348 sibi

184 1394 290 1452 tamen
310 1387 396 1472 apud
416 1387 560 1454 horridas
579 1394 693 1472 gentes
709 1409 726 1453 e
742 1389 958 1455 contuberniis
972 1387 1096 1453 hostem
1111 1386 1222 1470 aspici.

289 1491 338 1556 18.
370 1491 584 1575 Adstrepebat
614 1492 738 1576 vulgus,
771 1492 905 1558 diversis
935 1491 1158 1571 incitamentis,
1189 1488 1224 1554 hi

182 1597 349 1661 verberum
372 1601 474 1677 notas,
497 1596 542 1660 illi
563 1596 722 1678 canitiem,
746 1596 870 1681 plurimi
892 1594 1007 1660 detrita
1026 1595 1168 1679 tegmina
1191 1599 1224 1658 et

182 1700 302 1764 nudum
323 1720 436 1784 corpus
456 1702 693 1784 exprobrantes.
726 1707 885 1784 postremo
906 1720 944 1765 eo
963 1699 1075 1763 furoris
1094 1716 1222 1778 venere,

182 1809 217 1868 ut
240 1810 304 1869 tres
331 1804 475 1887 legiones
505 1804 638 1869 miscere
668 1805 701 1867 in
728 1824 824 1868 unam
851 1802 1053 1887 agitaverint.
1099 1801 1224 1885 depulsi

183 1907 404 1990 aemulatione,
440 1908 514 1990 quia
549 1928 625 1973 suae
654 1908 788 1990 quisque
821 1907 940 1992 legioni
970 1927 1042 1971 eum
1071 1904 1223 1970 honorem

184 2011 387 2093 quaerebant,
411 2011 473 2076 alic
493 2017 619 2076 vertunt
640 2018 736 2093 atque
758 2032 823 2076 una
845 2018 909 2076 tres
931 2010 1054 2092 aquilas
1076 2014 1108 2074 et
1131 2008 1223 2092 signa

184 2115 358 2180 cohortium
388 2116 506 2200 locant,
538 2116 631 2180 simul
658 2123 830 2200 congerunt
858 2116 1024 2198 caespites,
1056 2117 1223 2178 exstruunt

182 2219 330 2301 tribunal,
351 2239 413 2301 quc
433 2219 537 2303 magis
556 2220 727 2303 conspicua
747 2219 839 2285 sedes
859 2219 948 2284 foret.
979 2216 1223 2302 properantibus

182 2322 315 2389 Blaesus
348 2323 493 2404 advenit,
527 2323 775 2408 increpabatque
808 2344 846 2389 ac
879 2323 1038 2388 retinebat
1071 2320 1222 2404 singulos,

183 2428 349 2492 clamitans
372 2420 456 2492 ‘mea
477 2427 581 2511 potius
605 2427 703 2492 caede
725 2428 857 2493 imbuite
879 2446 1006 2492 manus:
1028 2424 1147 2490 leviore
1169 2422 1223 2487 fla·

103 2546 106 2551 ’
182 2531 259 2614 gitic
286 2530 426 2614 legatum
449 2531 655 2611 interficietis,
684 2552 779 2614 quam
801 2532 843 2595 ab
865 2532 1055 2614 imperatore
1078 2526 1223 2593 descisci-

182 2635 232 2701 tis.
271 2642 326 2700 aut
348 2636 512 2702 incolumis
539 2635 635 2700 fidem
663 2637 823 2721 legionum
845 2635 998 2715 retinebo,
1025 2639 1081 2698 aut
1103 2631 1223 2716 iugula·

182 2746 233 2804 tus
255 2741 484 2824 paenitentiam
506 2735 715 2805 adcelerabo.³

10 2845 164 2898 cirencest-
289 2843 337 2907 19.
361 2844 583 2927 Aggerabatur
605 2842 703 2910 nihilo
727 2845 832 2909 minus
851 2862 983 2926 caespes
1001 2842 1129 2922 iamque
1151 2859 1222 2924 pec·

10 2914 164 3038 'mssssfffin
182 2947 241 3011 tori
269 2965 369 3028 usque
392 2945 586 3029 adcreverat,
616 2967 687 3011 cum
714 2947 844 3012 tandem
871 2945 1051 3030 pervicacia
1073 2943 1150 3009 victi
1177 2943 1222 3007 in-

46 3052 129 3106 raom.
183 3056 309 3135 ceptum
339 3050 482 3114 omisere.
528 3051 660 3116 Blaesus
690 3052 789 3116 multa
819 3050 947 3116 dicendi
972 3055 1041 3141 arte
1070 3068 1134 3113 non
1164 3065 1222 3131 per

183 3153 370 3220 seditionem
394 3160 425 3218 et
452 3156 561 3219 turbas
584 3154 742 3220 desideria
764 3154 900 3218 militum
922 3153 964 3217 ad
987 3154 1156 3219 Gaesarem
1177 3149 1222 3215 fe-

182 3258 282 3323 renda
303 3257 358 3338 ait,
382 3278 485 3340 neque
508 3264 633 3324 veteres
655 3261 696 3324 ab
719 3258 961 3342 imperatoribus
982 3256 1094 3340 priscis
1116 3273 1221 3336 neque

181 3362 268 3446 ipsos
290 3382 311 3426 a
333 3361 407 3426 divo
430 3365 572 3447 Augusto
599 3369 664 3427 tam
691 3382 776 3428 nova
802 3362 967 3446 petivisse,
996 3366 1027 3425 et
1053 3379 1165 3443 pamm
1187 3357 1222 3421 in

182 3471 323 3549 tempore
352 3465 541 3549 incipientes
574 3465 726 3550 principis
757 3485 848 3530 curas
879 3463 1013 3528 onerari.
1063 3462 1089 3526 si
1112 3468 1220 3526 tamen

182 3567 350 3633 tenderent
379 3569 411 3632 in
445 3589 525 3652 pace
555 3574 710 3653 temptare
740 3588 821 3650 quae
850 3588 892 3633 ne
922 3567 1063 3632 civilium
1093 3563 1222 3646 quidem

183 3672 333 3736 bellorum
357 3672 492 3737 victores
514 3672 794 3755 expostulaverint,
818 3691 873 3736 cur
895 3677 1004 3736 contra
1027 3688 1146 3733 morem
1168 3668 1221 3732 ob·

182 3776 292 3859 sequii,
321 3783 429 3841 contra
455 3776 505 3841 fas
531 3775 717 3861 disciphnae
741 3776 806 3840 vim
833 3774 1047 3840 meditentur?
1074 3772 1221 3838 decerne·

172 3885 250 3944 rent
268 3880 394 3965 legatos
417 3900 515 3966 seque
539 3900 644 3946 coram
666 3878 817 3944 mandata
840 3878 961 3944 darent.
999 3877 1222 3942 adclamavere
