2760 4214
446 210 469 248 a.
484 194 517 249 u.
531 210 553 248 c.
567 196 627 250 ua.
655 210 681 261 p.
694 193 759 248 our.
773 196 813 250 ro.
1106 175 1148 242 85

104 370 196 435 sione
222 368 334 452 flagitii
358 367 539 432 credebant.
579 374 727 432 exactum
751 376 782 433 et
804 388 825 431 a
846 367 964 433 Titidio
986 367 1147 447 Labeone,

108 472 253 537 Vistiliae
276 473 399 552 marito,
424 472 534 537 curin
558 492 658 539 uxore
681 472 789 538 delicti
811 471 981 536 manifesta
996 470 1148 536 ultionem

105 577 187 660 legis
218 576 385 642 omisisset.
428 581 524 657 atque
554 576 607 641 illo
637 575 865 660 praetendente
889 575 1057 659 sexaginta
1079 573 1148 639 dies

104 679 150 744 ad
172 678 415 745 consultandum
438 679 529 745 datos
552 679 689 745 necdum
711 680 910 765 praeterisse,
945 679 1021 744 satis
1044 678 1148 743 visum

106 782 148 848 de
170 783 296 848 Vistilia
327 789 479 868 statuere3
511 804 611 866 eaque
639 785 672 849 in
699 784 836 849 insulam
859 782 1016 867 Seriphon
1038 781 1149 846 abdita

107 893 165 952 est.
210 894 316 951 actum
340 887 435 952 etde
458 888 555 952 sacris
578 888 747 972 Aegyptiis
770 887 971 970 Iudaicisque
993 884 1149 971 pellendis

107 989 291 1073 factumque
314 997 439 1074 patrum
463 992 649 1072 consultum,
673 997 708 1056 ut
731 998 879 1073 quattuor
900 991 988 1055 milia
1009 989 1148 1056 libertini

105 1094 233 1178 generis
264 1115 303 1159 ea
332 1095 554 1179 superstitione
584 1095 713 1176 infecta,
744 1095 814 1177 quis
841 1094 957 1160 idonea
986 1101 1085 1174 aetas,
1115 1093 1149 1157 in

106 1199 244 1262 insulam
259 1198 439 1264 Sardiniam
462 1198 661 1280 veherentur,
685 1198 868 1264 coercendis
890 1199 954 1262 illic
976 1196 1149 1263 latrociniis

106 1308 150 1382 et,
185 1302 212 1366 si
246 1303 286 1368 ob
321 1303 511 1386 gravitatem
545 1303 625 1368 caeli
658 1303 850 1383 interissent,
885 1302 948 1366 vile
982 1301 1148 1383 damnum3

106 1406 205 1470 ceteri
235 1405 385 1472 cederent
414 1407 516 1487 ltalia,
546 1407 609 1471 nisi
637 1412 755 1471 certam
782 1411 857 1471 ante
885 1404 970 1470 diem
998 1403 1148 1488 profanos

106 1509 186 1574 ritus
209 1510 382 1575 exuissent.

195 1613 246 1678 86.
270 1615 346 1679 Post
370 1634 451 1696 quae
478 1615 597 1678 rettulit
622 1615 740 1680 Caesar
771 1613 959 1699 capiendam
991 1611 1149 1696 virginem
1176 1606 1315 1729 wahl?

106 1717 259 1782 inlocum
276 1716 401 1798 Occiae,
425 1737 507 1799 quae
530 1723 652 1801 septem
676 1723 707 1782 et
731 1718 961 1801 quinquaginta
976 1736 1033 1800 per
1048 1734 1149 1780 annos
1289 1705 1296 1720 ’

106 1839 232 1884 summa
248 1821 457 1886 sanctimonia
469 1821 650 1886 Vestalibus
665 1822 764 1886 sacris
779 1820 995 1906 praesederat,
1021 1819 1149 1902 egitque

105 1930 214 2006 grates
236 1925 370 1990 Fonteio
393 1924 556 2008 Agrippae
579 1930 611 1988 ct
634 1925 773 1990 Domitio
796 1924 940 2005 Pollioni,
969 1922 1053 2005 quod
1076 1922 1149 1987 offe·

107 2026 206 2094 rendc
229 2027 311 2092 filias
332 2027 373 2092 de
389 2027 494 2094 officio
510 2029 543 2092 in
559 2049 627 2093 rem
641 2029 802 2113 publicam
818 2033 983 2094 certarent.
1007 2025 1150 2111 praelata

108 2136 157 2195 est
185 2131 337 2197 Pollionis
366 2130 440 2212 filia,
472 2153 537 2197 non
559 2134 599 2198 ob
623 2131 711 2196 aliud
734 2152 828 2214 quam
852 2130 936 2214 quod
958 2137 1060 2195 mater
1081 2130 1149 2194 eius

107 2234 141 2297 in
158 2233 270 2300 eodem
286 2235 432 2319 coniugio
449 2235 612 2319 manebat;
629 2257 705 2300 nam
716 2236 860 2320 Agrippa
872 2233 1005 2301 discidio
1021 2234 1149 2299 domum

107 2337 316 2403 imminuerat.
348 2345 380 2403 et
404 2339 522 2404 Caesar
544 2340 689 2421 quamvis
711 2339 927 2424 posthabitam
950 2337 1080 2403 deciens
1103 2357 1149 2403 sc-

108 2441 210 2506 stertii
233 2440 308 2508 dote
332 2442 450 2507 solatus
474 2450 531 2507 est.

194 2543 246 2610 87,
270 2545 444 2611 Saevitiam
470 2566 617 2612 annonae
644 2547 811 2611 incusante
837 2547 931 2630 plebe
954 2543 1064 2610 statuit
1087 2543 1149 2607 fru-
1216 2540 1270 2584 ΒΜ*

105 2653 213 2714 mento
236 2649 381 2733 pretium,
405 2649 490 2733 quod
506 2656 630 2734 emptor
643 2648 807 2735 penderet,
831 2650 986 2731 binosque
1001 2666 1147 2712 nummos
1186 2610 1306 2732 {wlff

105 2771 141 2816 se
168 2751 349 2817 additurum
377 2754 627 2836 negotiatoribus
654 2754 687 2818 in
710 2753 851 2837 singulos
873 2750 1005 2818 modios.
1043 2770 1148 2832 neque
1180 2750 1304 2799 mm·

106 2861 215 2920 tamen
245 2856 284 2923 ob
316 2877 355 2922 ea
384 2858 525 2941 parentis
554 2856 677 2941 patriae
707 2856 847 2922 delatum
878 2863 910 2922 et
936 2861 1031 2920 antea
1057 2874 1148 2920 voca-

106 2959 216 3023 bulum
244 2959 421 3044 adsumpsit
450 2961 627 3044 acerbeque
657 2960 814 3044 increpuit
842 2981 907 3042 eos,
939 2961 993 3043 qui
1021 2959 1148 3025 divinas

106 3063 331 3146 occupationes
353 3064 520 3148 ipsumque
543 3063 706 3130 dominum
729 3062 886 3130 dixerant.
911 3064 996 3129 unde
1011 3069 1149 3148 angusta

105 3172 138 3230 et
160 3166 282 3231 lubrica
304 3168 403 3233 oratio
426 3170 484 3233 sub
508 3167 661 3253 principe,
697 3168 751 3250 qui
774 3169 954 3234 libertatem
975 3168 1146 3248 metuebat,

107 3269 323 3336 adulationem
346 3270 465 3337 oderat.

194 3373 245 3439 88.
269 3375 404 3459 Reperio
427 3374 513 3459 apud
535 3376 704 3460 scriptores
727 3382 952 3458 senatoresque
975 3374 1147 3440 eomndem
1196 3373 1244 3418 ἴω
1259 3372 1296 3417 ⁸²⁶

105 3484 283 3561 temporum
316 3478 544 3562 Adgandestrii
577 3480 729 3564 principis
762 3479 949 3546 Chattorum
981 3479 1080 3544 lectas
1114 3479 1147 3542 in
1181 3441 1306 3487 mim

105 3588 218 3646 senatu
248 3583 380 3667 litteras,
411 3583 525 3665 quibus
555 3590 689 3649 mortem
711 3583 847 3648 Arminii
876 3583 1089 3667 promittebat,
1120 3582 1148 3648 si

105 3684 376 3769 patrandae'neci
398 3705 558 3751 venenum
580 3687 771 3772 mitteretur;
803 3706 1054 3772 responsumque
1078 3706 1147 3751 esse

105 3810 170 3854 non
192 3788 304 3854 fraude
327 3809 431 3873 neque
454 3789 593 3872 occultis,
618 3790 675 3856 sed
697 3792 803 3876 palam
826 3797 858 3856 et
880 3797 1037 3855 armatum
1051 3811 1148 3875 popu-

105 3893 170 3957 lum
192 3895 371 3960 Romanum
393 3893 501 3960 hostes
523 3913 598 3963 suos
620 3893 744 3964 ulcisci.
781 3915 850 3982 qua
875 3895 983 3982 gloria
1000 3893 1176 3974 aequatos&
