2760 4214
256 133 297 197 96
489 149 540 205 Au
559 165 675 205 excessu
692 151 726 205 o.
738 149 866 218 Augusti
883 151 927 204 111
946 153 1057 207 ao-ar.

255 324 368 389 militia
398 330 429 389 et
458 325 544 389 illam
567 323 764 390 obsidionem
787 324 900 408 flagitii
923 331 1018 390 ratus.
1057 325 1084 390 is
1115 324 1295 392 cohortatus

255 428 372 493 milites
393 434 429 492 ut
451 429 576 512 copiam
598 448 725 512 pugnae
747 429 779 492 in
803 434 913 512 aperto
936 428 1088 508 facerent,
1112 429 1214 494 aciem
1235 450 1293 514 pro

255 531 366 597 castris
380 531 516 597 instruit.
547 531 711 615 primoque
733 531 854 616 impetu
876 532 968 616 pulsa
988 530 1115 597 cohorte
1131 541 1294 616 promptus

254 634 338 701 inter
359 635 423 701 tela
445 642 589 700 occursat
611 634 817 719 fugientibus,
841 635 985 718 increpat
1007 635 1184 720 signiferos,
1209 636 1293 718 quod

255 737 427 804 inconditis
455 745 511 803 ant
541 738 755 804 desertoribus
778 738 868 804 miles
891 740 1053 804 Romanus
1075 746 1165 823 terga
1188 739 1292 824 daret,

255 842 349 907 simul
371 849 507 926 excepta
528 842 661 907 vulnera
683 848 715 907 et
737 863 930 925 quamquam
945 842 1119 908 transfosso
1135 844 1224 908 oculo
1239 843 1293 908 ad-

254 965 382 1011 uersum
411 965 447 1010 os
473 946 506 1010 in
533 944 657 1012 hostem
685 946 832 1027 intendit,
862 965 966 1028 neque
995 946 1148 1030 proelium
1178 947 1294 1027 omisit,

254 1047 357 1114 donec
379 1048 522 1115 desertus
545 1050 610 1116 suis
633 1049 770 1115 caderet.

81 1151 236 1273 Μξὲὶζῖῗᾶπ
341 1152 393 1217 21.
418 1151 508 1229 Quae
536 1155 763 1238 postquamL.
787 1153 928 1237 Apronio
959 1153 1047 1239 (nam
1070 1153 1203 1220 Camillo
1226 1175 1292 1220 suc-

139 1290 183 1334 aas
255 1255 406 1343 cesserat)
430 1264 599 1341 comperta,
622 1257 725 1340 magis
748 1255 902 1322 dedecore
924 1276 1052 1322 suorum
1074 1278 1170 1340 quam
1191 1258 1293 1340 gloria

82 1359 228 1473 smum
252 1359 352 1427 hostis
382 1362 508 1442 anxius,
539 1381 609 1426 raro
637 1380 675 1425 ea
702 1367 987 1445 tempestatteee
969 1367 1117 1427 evctere
1139 1362 1291 1427 memoria

96 1431 119 1473 ’θ
136 1428 233 1481 W
252 1464 393 1530 facinore
420 1464 588 1530 decumum
615 1483 772 1546 quemque
795 1464 1025 1548 ignominiosae
1049 1464 1185 1530 cohortis
1208 1472 1291 1530 sorte

251 1567 327 1634 duct
314 1576 363 1634 tos
390 1568 467 1633 fusti
442 1573 597 1633 ttneca.
635 1574 704 1632 tant
706 1588 822 1649 umque
845 1567 983 1633 sevcrita
983 1567 1225 1652 teprofect,nm
1256 1574 1291 1632 ut

252 1673 405 1738 vexillum
427 1677 659 1752 veteranorum,
683 1692 747 1737 non
770 1671 906 1754 amplius
929 1691 1025 1752 quam
1049 1671 1214 1755 quingenti
1236 1692 1290 1734 nu-

252 1797 348 1858 meru,
373 1775 501 1840 easdem
523 1774 735 1841 Tacfarinatis
758 1775 865 1858 copias
887 1774 1091 1858 praesidium,
1115 1775 1167 1839 cui
1188 1773 1290 1839 Thala

252 1901 377 1960 nomen,
407 1879 577 1963 adgressas
607 1877 755 1943 fuderint.
787 1898 849 1960 quo
877 1877 996 1962 proelio
1025 1877 1127 1943 Rufus
1156 1878 1290 1943 Helvius

251 1984 417 2069 gregarius
446 1983 536 2048 miles
566 1983 683 2048 servati
711 1981 790 2047 civis
817 1980 914 2046 decus
943 1982 1063 2046 rettulit
1093 1981 1290 2064 donatusque

253 2094 301 2153 est
322 2088 363 2152 ah
386 2087 526 2170 Apronio
549 2086 714 2168 torquibus
736 2091 768 2150 et
790 2084 891 2151 hasta.
931 2085 1049 2151 Caesar
1070 2084 1194 2150 addidit
1218 2085 1290 2149 civi·

253 2211 323 2255 cam
345 2210 503 2270 coronam,
527 2187 612 2270 quod
635 2209 698 2253 non
721 2209 791 2254 eam
815 2209 939 2270 quoque
954 2189 1114 2273 Apronius
1135 2188 1203 2254 iure
1224 2209 1291 2272 pro-

253 2295 390 2361 consulis
420 2293 591 2374 tribuisset,
623 2299 752 2375 questus
780 2292 884 2376 magis
913 2313 1008 2374 quam
1038 2292 1187 2358 offensus.
1233 2291 1290 2357 sed

251 2397 437 2462 Tacfarinas
470 2395 623 2480 perculsis
652 2395 800 2460 Numidis
831 2401 862 2460 et
892 2393 1016 2460 obsidia
1044 2395 1290 2479 aspernantibus

252 2501 373 2586 spargit
395 2500 522 2581 bellum,
544 2500 601 2565 ubi
623 2497 793 2564 instaretur
817 2496 933 2564 cedens
953 2519 992 2564 ac
1011 2519 1135 2564 rursum
1150 2498 1184 2563 in
1199 2505 1289 2581 terga

251 2625 406 2671 remeans.
445 2612 476 2669 et
500 2603 575 2668 dum
598 2623 637 2669 ea
658 2602 738 2668 ratio
761 2601 896 2668 barbaro
918 2601 988 2683 fuit,
1012 2602 1140 2667 inritum
1160 2601 1291 2668 fessum-

252 2729 313 2791 que
335 2710 514 2774 Romanum
540 2707 670 2790 impune
693 2703 928 2770 ludificabatur:
958 2712 1127 2790 postquam
1158 2704 1291 2771 deflexit

251 2810 294 2876 ad
314 2811 490 2875 maritimos
512 2810 608 2891 locos,
639 2808 790 2892 inligatus
812 2807 933 2892 praeda
955 2809 1079 2874 stativis
1103 2809 1214 2874 castris
1236 2808 1288 2872 ad-

251 2913 413 2994 haerebat,
444 2913 543 2978 missu
571 2912 670 2997 patris
691 2911 851 2995 Apronius
875 2911 1049 2977 Caesianus
1080 2932 1151 2977 cnm
1183 2911 1288 2995 equite

252 3024 284 3082 et
307 3016 487 3082 cohortibus
509 3015 695 3097 auxiliariis,
726 3015 797 3096 quis
819 3015 1034 3082 velocissimos
1055 3016 1216 3100 legionum
1237 3014 1290 3078 ad-

142 3209 143 3213 *
252 3120 385 3201 diderat,
409 3140 593 3204 prosperam
615 3118 785 3185 adversum
799 3117 956 3184 Numidas
975 3139 1115 3204 pugnam
1136 3118 1213 3183 facit
1228 3118 1290 3201 pel-

251 3224 349 3307 litque
371 3224 404 3289 in
428 3224 562 3289 deserta.

88 3323 200 3439 uaehmd
338 3328 389 3392 22.
413 3328 456 3392 At
478 3329 599 3393 Romae
620 3324 753 3410 Lepida,
777 3326 828 3391 cui
850 3345 945 3410 super
963 3325 1169 3391 Aemiliorum
1192 3323 1291 3389 decus

102 3402 124 3438 τ’
153 3400 177 3447 ‘¹'
203 3404 223 3438 α’
250 3433 286 3498 L.
304 3432 392 3498 Sulla
414 3437 446 3497 et
467 3431 523 3497 On.
540 3430 709 3514 Pompeius
732 3430 843 3513 proavi
866 3435 964 3510 erant,
994 3428 1135 3494 defertur
1165 3429 1290 3494 simula-

250 3536 336 3601 visse
362 3540 487 3619 partnm
516 3553 557 3598 ex
579 3534 614 3597 P.
632 3531 775 3609 Quirinio
803 3531 902 3598 divite
924 3539 1021 3615 atque
1043 3533 1129 3599 orbo.
1175 3532 1290 3598 adicie-

251 3643 367 3706 bantur
388 3637 553 3718 adulteria,
576 3656 702 3701 uenena
725 3637 965 3718 quaesitumque
987 3657 1044 3721 per
1061 3636 1241 3703 Chaldaeos
1256 3638 1288 3700 in

251 3743 380 3809 domum
403 3741 559 3821 Caesarie,
583 3738 777 3806 defendente
798 3759 886 3804 ream
907 3739 1015 3806 Manio
1038 3739 1160 3824 Lepido
1182 3739 1289 3804 fratre.

250 3845 414 3923 Quirinius
435 3851 508 3930 post
530 3843 650 3909 dictum
672 3843 839 3928 repudium
860 3841 965 3908 adhuc
984 3842 1128 3909 infensus
1144 3842 1291 3925 quamuis
