2760 4214
187 149 225 214 18
434 165 483 220 Ab
503 180 618 220 excessu
636 167 669 219 n.
683 165 808 235 Augusti
826 166 840 219 1
858 168 969 222 ao-ar.

183 362 247 406 non
268 340 376 424 egredi
395 341 538 421 tentoria,
563 341 749 425 congregari
768 341 850 406 inter
870 362 914 423 se,
938 342 994 405 vix
1014 341 1109 405 tutari
1129 340 1222 424 signa

183 451 321 529 possent,
346 465 426 527 quae
450 445 575 510 turbine
597 451 693 526 atque
720 445 807 510 unda
833 447 1048 530 raptabantur.
1087 444 1223 509 durabat

184 555 215 614 et
242 548 375 614 formido
404 548 550 613 caelestis
580 548 657 629 irae,
689 569 749 613 nee
778 548 895 614 frustra
924 548 1078 614 adversus
1107 547 1222 632 impios

183 652 356 718 hebescere
379 651 494 733 sidera,
517 672 608 716 ruere
630 658 849 736 tempestates:
874 673 936 718 non
959 651 1046 717 aliud
1069 653 1222 717 malorum

182 758 406 839 levamentum,
431 777 526 839 quam
549 756 575 822 si
600 757 780 839 linquerent
803 764 907 822 castra
928 757 1068 822 infausta
1090 763 1221 823 temera-

183 867 279 943 taque
299 867 330 926 et
349 861 442 926 soluti
462 861 585 945 piaculo
606 861 670 926 suis
691 863 823 943 quisque
843 861 984 927 bibernis
1004 859 1219 926 redderentur.

183 966 318 1050 primum
345 972 467 1046 octava,
498 965 572 1030 dein
599 966 709 1047 quinta
737 965 870 1031 decuma
891 966 975 1050 legio
1002 965 1139 1030 rediere:
1169 985 1222 1030 no·

183 1090 286 1135 nanus
316 1069 526 1154 opperiendas
555 1071 674 1135 Tiberii
707 1070 858 1154 epistulas
889 1071 1115 1150 clamitaverat,
1147 1089 1222 1133 mox

184 1172 343 1239 desolatus
374 1175 505 1240 aliorum
536 1174 728 1240 discessione
761 1175 968 1239 inminentem
999 1175 1221 1240 necessitatem

33 1270 147 1393 lwl
184 1285 296 1363 sponte
323 1280 497 1363 praevenit.
537 1285 569 1344 et
590 1280 713 1344 Drusus
745 1300 809 1344 non
836 1284 1020 1363 exspectato
1046 1279 1222 1361 legatorum

119 1369 125 1384 ⁶
184 1403 339 1467 regressu,
354 1383 428 1464 quia
440 1383 620 1467 praesentia
629 1384 705 1448 satis
718 1382 935 1464 consederant,
949 1383 982 1447 in
994 1384 1104 1449 urbem
1116 1380 1220 1446 rediit.

16 1477 158 1592 {mx
270 1487 321 1550 31.
350 1486 457 1552 Isdem
483 1486 583 1550 ferme
613 1485 725 1551 diebus
752 1485 854 1551 isdem
882 1486 985 1551 causis
1013 1485 1222 1551 Germanicae

11 1631 118 1687 gam„
135 1577 166 1678 p,
183 1592 325 1677 legiones
333 1592 488 1672 turbatae,
506 1597 621 1673 quanto
633 1591 749 1674 plures,
766 1597 854 1656 tanto
866 1591 1044 1673 violentius,
1061 1597 1092 1656 et
1103 1610 1224 1674 magna

10 1704 165 1758 caucaseae.
184 1716 240 1780 spe
267 1695 334 1760 fore
360 1701 395 1759 ut
422 1695 628 1760 Germanicus
652 1696 770 1760 Caesar
799 1696 966 1780 imperium
995 1695 1124 1760 alterius
1154 1694 1222 1778 pati

184 1800 328 1882 nequiret
355 1798 507 1881 daretque
530 1819 564 1864 se
592 1799 770 1883 legionibus
792 1801 824 1864 vi
848 1820 906 1864 sua
928 1805 1042 1865 cuncta
1064 1799 1220 1864 nacnnis.

184 1903 246 1969 duo
269 1903 355 1987 apud
376 1904 478 1987 ripam
500 1902 604 1967 Rheni
632 1904 790 1968 exercitus
818 1910 923 1968 erant:
952 1904 1002 1968 eui
1029 1923 1144 1968 nomen
1173 1923 1222 1967 su-

184 2008 307 2092 periori,
324 2010 382 2073 sub
399 2007 433 2072 C.
451 2007 527 2073 Silio
542 2008 658 2091 legato,
674 2006 855 2072 inferiorem
870 2008 908 2072 A.
926 2007 1064 2073 Caecina
1079 2007 1220 2071 curabat.

183 2113 325 2197 regimen
342 2132 483 2177 summae
494 2113 539 2176 rei
551 2131 650 2195 penes
662 2111 894 2193 Germanicum,
910 2111 1036 2196 agendo
1048 2111 1221 2177 Galliarum

185 2217 293 2282 censui
326 2223 392 2280 tum
425 2215 591 2280 intentum.
631 2214 688 2280 sed
718 2216 831 2297 quibus
861 2216 956 2282 Silius
986 2215 1220 2297 moderabatur,

184 2328 290 2386 mente
305 2321 457 2404 ambigua
473 2319 631 2384 fortunam
647 2320 811 2385 seditionis
820 2320 945 2385 alienae
960 2320 1220 2404 speculabantur:

183 2425 340 2490 inferioris
367 2425 524 2489 exercitus
551 2424 642 2490 miles
668 2424 701 2488 in
728 2424 849 2490 rabiem
876 2425 1041 2509 prolapsus
1064 2429 1122 2504 est,
1152 2429 1221 2489 orto

184 2529 223 2594 ab
248 2528 549 2594 unetvicensimanis
573 2529 795 2611 quintanisque
817 2528 917 2609 initio,
942 2535 973 2592 et
993 2528 1102 2593 tractis
1117 2527 1221 2612 prima

184 2655 309 2717 quoque
331 2654 369 2698 ac
391 2633 565 2699 uicensima
588 2633 779 2717 legionibus:
811 2654 886 2697 nam
908 2633 1010 2698 isdem
1032 2633 1164 2698 aestivis
1186 2632 1220 2697 in

183 2739 299 2802 finibus
321 2738 475 2803 Ubiorum
497 2736 697 2801 habebantur
718 2757 776 2820 per
798 2738 895 2801 otium
917 2743 972 2802 aut
993 2736 1078 2801 levia
1099 2737 1218 2801 munia.

183 2842 279 2925 igitur
312 2841 419 2906 audito
452 2840 516 2905 fine
545 2841 679 2924 Augusti
710 2841 880 2906 vernacula
909 2841 1085 2922 multitudo,
1119 2861 1221 2925 nuper

183 2952 255 3010 acto
278 2945 312 3009 in
334 2945 411 3011 urbe
435 2945 562 3026 dilectu,
584 2945 734 3009 lasciviae
750 2951 850 3025 sueta,
872 2945 1014 3010 laborum
1037 2945 1219 3025 intolerans,

184 3050 315 3134 implere
346 3055 519 3114 ceterorum
550 3048 645 3114 rudes
675 3050 812 3114 animos:
846 3050 972 3114 venisse
1003 3056 1128 3133 tempus
1159 3068 1219 3131 quo
1289 3038 1293 3048 ’

184 3153 328 3218 veterani
350 3159 505 3217 maturam
528 3153 720 3234 missionem,
743 3153 875 3218 iuvenes
894 3154 1030 3237 largiora
1049 3152 1219 3237 stipendia,

183 3258 289 3322 cuncti
312 3256 440 3322 modum
463 3256 659 3321 miseriarum
679 3263 887 3340 exposcerent
906 3256 1134 3339 saevitiamque
1150 3276 1220 3321 cen·

183 3362 341 3426 turionum
368 3361 601 3425 ulciscerentur.
641 3381 703 3425 non
733 3380 814 3424 unus
842 3360 929 3441 haee,
957 3366 993 3424 ut
1018 3359 1220 3426 Pannonicas

183 3466 266 3530 inter
299 3465 439 3548 legiones
470 3465 671 3544 PercenniuS,
706 3484 765 3528 nee
799 3463 884 3547 apud
914 3463 1054 3547 trepidas
1085 3464 1220 3528 militum

181 3590 285 3650 aureS,
308 3570 387 3634 alios
407 3568 575 3633 validiores
596 3568 753 3633 exercitus
776 3568 1020 3652 respicientium,
1045 3567 1102 3633 sed
1121 3568 1221 3632 multa

183 3672 348 3739 seditionis
360 3693 416 3736 ora
431 3692 602 3754 vocesque:
619 3672 721 3736 suain
733 3692 829 3735 manu
845 3672 937 3736 sitam
953 3692 1021 3736 rem
1032 3673 1219 3752 Romanam,

184 3779 249 3843 suis
264 3777 405 3843 victoriis
420 3776 529 3859 augeri
544 3797 611 3841 rem
627 3777 797 3860 publicam,
820 3776 853 3839 in
869 3796 960 3840 suum
976 3782 1221 3860 cognomentum

174 3881 316 3948 adscisci
337 3881 555 3967 imperatores
