2760 4214
259 162 320 226 150
487 175 536 230 Ab
556 190 671 230 excessu
688 174 862 242 D..Augusti
881 173 923 228 IV
942 176 1055 230 49-52.

255 358 387 433 artaque
409 348 618 433 circumdare3
646 355 677 412 et
700 348 878 413 struebatur
900 364 1009 431 agger,
1033 346 1117 411 unde
1140 367 1220 411 saxa
1242 346 1297 411 ha-

256 462 323 520 stae
353 454 444 538 ignes
475 453 687 538 propinquum
714 451 778 515 iam
801 451 834 514 in
856 449 980 516 hostem
1002 451 1190 515 iacerentur.
1237 451 1295 516 sed

256 557 335 622 nihil
356 577 457 640 aeque
481 577 576 638 quam
599 556 668 621 sitis
690 554 856 638 fatigabat,
888 574 959 618 oum
985 554 1101 638 ingens
1128 554 1296 621 multitudo

255 663 441 728 bellatorum
464 660 628 726 inbellium
650 679 714 724 uno
736 659 857 741 reliquo
881 658 969 724 fonte
994 665 1169 744 uterentur;
1201 660 1296 724 simul

256 765 329 848 equi
358 772 512 844 armenta,
546 770 581 828 ut
606 783 674 828 mos
701 762 853 844 barbaris,
887 762 978 826 iuxta
1005 763 1122 844 clausa,
1153 769 1296 847 egestate

256 869 364 952 pabuli
389 867 577 951 exanimari3
601 866 747 930 adiacere
771 886 903 949 corpora
925 865 1098 948 hominum,
1126 887 1205 949 quos
1231 867 1297 932 vul-

257 992 342 1056 nera,
373 992 452 1053 quos
479 971 548 1036 sitis
573 977 762 1054 peremerat3
797 969 893 1053 pollui
920 977 1034 1035 cuneta
1059 969 1158 1052 sanie,
1190 969 1297 1052 odore,

257 1083 413 1142 contactu.

102 1182 226 1236 Sumit
343 1180 393 1244 50.
418 1179 589 1260 Rebusque
616 1177 750 1242 turbatis
781 1178 898 1242 malum
929 1184 1106 1243 extremum
1136 1179 1296 1245 discordia

93 1252 228 1374 „ffiffi
256 1284 400 1363 accessit,
425 1282 474 1347 his
498 1281 702 1360 deditionem,
726 1281 797 1346 aliis
820 1288 952 1346 mortem
975 1290 1007 1346 et
1022 1289 1147 1347 mutuos
1162 1283 1245 1347 inter
1261 1303 1297 1348 se

255 1389 335 1453 ictus
357 1387 557 1470 parantibus3
583 1392 615 1449 et
637 1391 728 1450 eraut
749 1385 804 1467 qui
827 1405 890 1450 non
914 1386 1047 1450 inultum
1071 1387 1214 1467 exitium,
1238 1386 1296 1452 sed

257 1491 452 1575 eruptionem
475 1489 654 1555 suaderent.
678 1509 782 1570 neque
802 1488 958 1572 ignobiles
973 1496 1097 1555 tantum
1113 1490 1162 1554 his
1178 1489 1297 1555 diversi

256 1595 432 1674 sententiis,
456 1613 566 1657 verum
590 1613 608 1656 e
631 1591 763 1657 ducibus
785 1592 888 1674 Dinis,
920 1601 1089 1676 provectus
1111 1600 1242 1659 senecta
1265 1601 1298 1659 et

255 1701 349 1782 longo
382 1718 443 1762 usu
476 1697 540 1761 vim
574 1703 672 1779 atque
706 1696 906 1761 elementiam
940 1699 1118 1762 Romanam
1153 1697 1293 1780 edoctus

256 1800 404 1886 ponenda
433 1821 532 1881 arma,
563 1820 661 1864 unum
690 1799 827 1865 adflictis
853 1799 887 1863 id
910 1800 1083 1865 remedium
1107 1801 1296 1882 disserebat,

257 1907 439 1990 primusque
469 1924 503 1969 se
534 1924 605 1968 eum
636 1905 770 1988 coniuge
800 1911 832 1968 et
860 1904 969 1969 liberis
1000 1905 1112 1971 victori
1141 1906 1295 1988 permisit.

257 2009 356 2075 secuti
382 2015 488 2072 aetate
514 2015 569 2071 aut
597 2027 676 2071 sexu
706 2008 845 2072 inbecilli
876 2017 907 2072 et
935 2008 1049 2090 quibus
1079 2010 1178 2073 maior
1209 2009 1297 2074 vitae

258 2133 351 2196 quam
363 2112 483 2195 gloriae
499 2110 622 2195 cupido.
646 2117 679 2175 at
695 2111 843 2176 iuventus
858 2113 991 2177 Tarsam
1007 2113 1089 2177 inter
1104 2120 1136 2176 et
1151 2114 1297 2178 Turesim

258 2214 500 2281 distrahebatur.
525 2214 648 2296 utrique
671 2214 862 2279 destinatum
886 2236 957 2280 cum
980 2216 1125 2281 libertate
1141 2217 1297 2298 occidere,

259 2319 315 2386 sed
337 2321 440 2384 Tarsa
461 2338 612 2402 properus
636 2318 669 2383 in
691 2317 797 2400 finem,
821 2319 1058 2403 abrumpendas
1080 2321 1199 2404 pariter
1222 2341 1298 2405 spes

258 2445 297 2489 ao
318 2430 420 2489 metus
444 2423 618 2503 clamitans,
650 2421 737 2486 dedit
764 2424 945 2507 exemplum
969 2423 1105 2490 demisso
1129 2425 1162 2488 in
1185 2432 1299 2509 pectus

258 2528 354 2614 ferro;
377 2547 438 2592 nec
460 2525 590 2591 defuere
612 2527 666 2608 qui
690 2525 801 2591 codem
824 2526 916 2591 modo
940 2534 1135 2611 oppeterent.
1168 2529 1298 2593 Turesis

260 2653 317 2697 sua
351 2653 421 2697 eum
458 2651 555 2695 manu
588 2637 713 2695 noctem
746 2631 917 2714 opperitur,
956 2631 1042 2696 haud
1075 2632 1182 2697 neseio
1216 2631 1298 2697 duce

259 2744 378 2821 nostr03
410 2736 505 2818 igitur
533 2733 676 2799 firmatae
704 2736 856 2799 stationes
884 2734 1084 2801 densioribus
1106 2736 1218 2819 globis.
1265 2743 1299 2800 et

258 2841 428 2924 ingruebat
450 2859 514 2902 nox
537 2839 645 2902 nimbo
666 2844 768 2919 atron,
799 2837 961 2920 hostisque
992 2840 1128 2903 elamore
1156 2837 1295 2919 turbido,

260 2942 352 3009 modo
374 2964 431 3027 per
453 2948 578 3006 vastum
598 2942 766 3025 silentium,
790 2942 926 3007 incertos
941 2943 1122 3007 obsessores
1138 2942 1298 3022 effecerat,

260 3068 330 3112 eum
354 3046 492 3113 Sabinus
515 3046 688 3127 circumire,
717 3045 843 3128 hortari,
874 3066 914 3110 ne
937 3045 978 3110 ad
1001 3046 1153 3128 ambigua
1176 3046 1299 3111 sonitus

260 3158 316 3217 aut
344 3151 574 3216 simulationem
607 3150 721 3232 quietis
751 3170 857 3215 casum
880 3150 1105 3216 insidiantibus
1126 3150 1299 3234 aperirent,

261 3255 318 3323 sed
347 3276 405 3320 sua
434 3255 568 3337 quisque
598 3255 707 3318 munia
737 3261 901 3334 seruarent
930 3255 1051 3320 immoti
1074 3255 1208 3336 telisque
1231 3274 1298 3319 non

260 3361 294 3425 in
317 3360 431 3425 falsum
454 3360 553 3424 iactis.

112 3461 220 3584 iim?
349 3466 399 3529 51.
431 3465 558 3528 Interea
590 3463 718 3527 barbari
752 3463 886 3528 catervis
915 3463 1117 3528 decurrentes
1151 3483 1235 3527 nunc
1265 3463 1300 3526 in

102 3603 244 3655 mappas,
262 3569 380 3633 vallum
409 3568 571 3632 manualia
600 3586 689 3647 saxa,
720 3574 883 3651 praeustas
913 3566 1017 3647 sudes,
1049 3566 1157 3631 decisa
1186 3568 1300 3631 robora

262 3673 375 3754 iacere,
399 3693 484 3737 nunc
506 3671 651 3754 virgultis
673 3677 704 3735 et
728 3672 866 3736 cratibus
889 3678 921 3736 et
943 3670 1125 3754 corporibus
1141 3671 1300 3736 exanimis

263 3778 420 3861 complere
449 3775 562 3857 fossas,
593 3774 722 3858 quidam
748 3776 854 3860 pontis
876 3783 908 3839 et
930 3775 1032 3840 scalas
1055 3782 1129 3840 ante
1152 3773 1300 3838 fabricati

73 3878 119 3952 h
250 3882 373 3950 rhferre
403 3879 658 3971 propugnaculis
684 3901 785 3965 eaque
812 3899 975 3965 prensare„
1002 3878 1169 3944 detrahere
1192 3884 1224 3944 et
1245 3878 1300 3944 ad·
