2760 4214
77 2199 127 2243 2113
142 2200 196 2244 uiro

74 2274 118 2313 tou
132 2269 201 2313 1131113

83 2335 188 2391 redte,

78 3443 137 3487 tana
150 3446 196 3487 ten

73 3513 135 3556 tatto
149 3514 192 3557 aut

82 3585 124 3625 tou
139 3581 193 3626 Trio

75 3649 106 3694 ba
119 3651 201 3696 &tuate

87 3722 207 3773 saeuiant.
274 3761 280 3775 ,

233 146 275 212 56
476 162 525 217 Ab
544 177 661 217 excessu
679 163 712 217 D.
726 162 853 233 Augusti
871 163 899 216 II
917 166 1030 220 26-30.

233 338 378 402 Tiberius
401 340 550 403 monebat
571 337 688 403 rediret
711 337 753 401 ad
776 337 937 402 decretum
959 336 1167 423 triumphum:
1195 337 1276 401 satis

233 442 297 505 iam
330 447 511 522 eventuum,
545 442 623 506 33113
657 462 796 506 casuum.
835 462 987 526 prospera
1015 442 1060 505 illi
1095 448 1127 506 et
1155 460 1275 524 magna

232 545 366 630 proelia:
390 566 497 610 eorum
521 565 644 627 quoque
660 545 864 626 meminisset,
889 565 970 628 quac
993 545 1082 610 venti
1097 551 1129 609 et
1147 543 1274 624 fluctus,

233 650 319 714 nulla
342 649 431 713 ducis
455 649 556 732 culpa,
579 649 691 732 gravia
713 655 819 712 tamen
843 654 874 715 et
897 669 995 713 33313
1017 647 1135 712 damna
1153 647 1275 712 intulis-

233 759 311 818 sent.
351 774 384 818 se
408 753 541 817 noviens
563 772 584 815 3
606 752 680 818 divo
695 753 838 836 Augusto
861 753 895 817 in
916 752 1120 817 Germaniam
1142 752 1276 816 missum

233 857 324 941 plura
358 856 487 921 consilio
521 877 617 938 quarn
649 857 681 920 11
715 857 895 940 perfecisse.
941 858 987 922 sic
1017 856 1210 940 Sugambros
1241 856 1276 919 in

234 961 427 1025 deditionem
466 967 623 1045 acceptos,
672 962 717 1026 sic
759 961 881 1027 Suebos
921 980 1092 1045 regemque
1132 959 1276 1024 Marobo-

233 1065 331 1128 duum
361 1085 440 1148 pace
469 1065 662 1130 obstrictum.
702 1086 795 1149 posse
827 1071 857 1129 et
881 1064 1057 1130 Cheruscos
1088 1070 1275 1144 ceterasque

232 1168 396 1234 rebellium
425 1176 547 1252 gentes,
583 1170 731 1252 quoniam
761 1171 923 1234 Romanae
954 1169 1066 1234 ultioni
1096 1167 1276 1232 consultum

233 1281 327 1354 essct,
361 1274 493 1338 internis
527 1273 692 1339 discordiis
722 1274 865 1355 relinqui.
912 1281 1062 1357 precante
1085 1271 1275 1337 Germanico

232 1397 352 1442 annum
386 1377 562 1442 efficiendis
597 1378 725 1461 coeptis,
760 1377 864 1442 acrius
897 1377 1085 1451 modestiam
1119 1376 1187 1440 cius
1219 1374 1275 1439 ad-

231 1481 373 1565 greditur
395 1482 529 1546 alterum
547 1481 744 1546 consulatum
759 1480 929 1562 offerendo,
953 1481 1042 1545 cuius
1062 1479 1172 1544 munia
1186 1499 1275 1563 prae·

233 1606 306 1651 sens
329 1587 438 1650 obiret.
468 1586 561 1649 simul
583 1584 782 1666 adnectebat,
807 1586 833 1650 31
856 1585 938 1649 fcrct
960 1583 1064 1648 adhuc
1078 1582 1274 1664 bellandum,

232 1690 424 1771 relinqueret
447 1689 611 1753 materiem
634 1690 729 1753 Drusi
752 1689 859 1753 fratris
881 1689 1009 1772 gloriae,
1035 1687 1088 1770 qui
1104 1687 1190 1752 nullo
1206 1693 1275 1752 turn

233 1792 294 1857 alio
322 1792 413 1857 hoste
436 1814 499 1857 non
522 1792 584 1856 nisi
606 1791 692 1875 apud
716 1792 902 1857 Germanias
924 1790 1058 1874 adsequi
1080 1811 1195 1856 nomen
1218 1791 1274 1854 inr-

232 1897 423 1979 peratcrium
446 1902 478 1959 ct
501 1895 667 1980 deportare
689 1896 829 1960 lauream
851 1903 968 1980 posset.
997 1895 1084 1960 haud
1107 1901 1275 1962 cunctatus

233 2005 282 2063 est
303 2000 385 2063 ultra
408 2000 624 2080 Germanicus,
653 2019 844 2082 quamquam
867 1999 944 2083 fingi
968 2020 1007 2064 ca
1030 2019 1126 2081 seque
1149 2019 1206 2083 pcr
1228 1999 1275 2064 in-

234 2101 352 2166 vidiam
374 2109 465 2186 parto
488 2103 552 2167 iam
574 2102 681 2169 decori
702 2103 843 2168 abstrahi
866 2105 1071 2188 intellegeret.

320 2206 371 2270 27.
395 2206 460 2271 Sub
484 2204 569 2270 idem
596 2213 720 2290 tempus
747 2226 765 2270 e
792 2208 913 2272 familia
935 2208 1171 2273 Scriboniorum
1192 2207 1274 2272 Libo

233 2312 353 2375 Drusus
377 2309 517 2375 defertur
547 2311 648 2376 moliri
677 2331 728 2375 133
759 2331 866 2376 novas.
902 2312 970 2377 eius
996 2312 1115 2395 negotii
1137 2311 1273 2392 initium,

232 2413 385 2494 ordinem,
409 2413 505 2478 finem
528 2414 665 2480 curatius
688 2413 851 2496 disseram,
882 2415 958 2497 quia
980 2422 1047 2478 tum
1069 2415 1205 2499 primurn
1227 2434 1274 2479 re-

232 2523 322 2602 perta
353 2523 425 2582 sunt
456 2538 537 2600 quac
568 2539 624 2602 per
654 2524 700 2583 tot
729 2539 830 2584 annos
852 2538 919 2583 rern
941 2518 1103 2602 publicam
1126 2517 1271 2583 exedere.

232 2620 369 2686 Firmius
392 2622 489 2687 Catus
512 2628 649 2703 senator,
681 2643 722 2686 ex
752 2622 865 2686 intima
891 2623 1022 2687 Libonis
1049 2622 1198 2702 amicitia,
1229 2622 1273 2686 iu-
1335 2613 1345 2629 ⁴

232 2745 347 2790 venem
374 2725 575 2809 inprovidum
603 2732 634 2789 et
656 2725 782 2790 facilem
804 2726 953 2791 inanibus
975 2725 1017 2789 ad
1041 2725 1273 2792 Chaldaeorum

232 2830 395 2913 promissa,
427 2849 591 2912 magorum
619 2849 718 2910 sacra,
750 2830 943 2896 somniorum
965 2830 1062 2894 etiarn
1084 2831 1273 2913 interpretes

232 2932 365 3016 impulit,
400 2932 475 2995 dum
504 2952 657 3016 proavum
687 2934 882 3018 Pompeium,
913 2935 1043 2999 amitam
1066 2934 1271 3014 Scriboniam,

232 3056 314 3118 quae
337 3035 496 3118 quondam
513 3036 648 3120 Augusti
670 3038 809 3102 coniunx
832 3039 945 3118 fuerat,
969 3037 1173 3103 consobrinos
1197 3037 1273 3102 an-

232 3159 328 3220 sarcs,
360 3140 487 3223 plenam
513 3141 705 3224 imaginibus
732 3141 860 3206 domum
890 3147 1037 3222 ostentat,
1067 3139 1272 3222 hortaturque

232 3243 273 3306 ad
304 3243 413 3307 luxum
444 3250 475 3308 ct
503 3265 558 3309 aes
587 3244 736 3327 alienum,
768 3247 871 3312 socius
894 3246 1061 3311 libidinum
1085 3253 1115 3310 et
1137 3245 1272 3309 necessi-

233 3352 343 3426 tatum,
367 3367 430 3428 quc
452 3348 595 3430 pluribus
618 3348 744 3413 indiciis
766 3349 921 3432 inligaret.

318 3449 438 3516 33111
467 3451 545 3515 satis
573 3453 700 3516 testium
728 3457 759 3516 et
786 3454 840 3535 qui
863 3453 945 3518 33111
969 3452 1082 3519 eadem
1104 3458 1273 3518 noscerent

232 3554 380 3637 repperit,
403 3553 525 3618 aditum
548 3553 590 3618 ad
613 3555 789 3639 principem
811 3556 958 3640 postulat,
983 3557 1195 3622 demonstrato
1216 3557 1271 3621 cri·

231 3657 317 3721 mine
340 3663 371 3723 et
393 3678 446 3723 reo
465 3678 522 3743 per
537 3657 685 3722 Flaccum
696 3660 914 3740 Vescularium
929 3662 1068 3743 equitem
1083 3662 1271 3741 Romanum,

232 3781 283 3825 cur
304 3761 430 3845 propior
453 3782 525 3825 cum
540 3762 666 3826 Tiberio
687 3783 762 3828 usus
778 3771 854 3828 erat.
887 3765 1004 3830 Caesar
1019 3764 1171 3829 indicium
1186 3764 1272 3829 haud

232 3872 420 3949 aspcmatns
444 3885 631 3949 congressus
653 3867 778 3931 abnuit:
802 3887 895 3951 posse
919 3868 1003 3933 enim
1026 3867 1137 3933 codem
1157 3868 1272 3932 Flacco
