2760 4214
174 163 236 228 190
406 180 455 235 Ab
473 194 589 234 excessu
605 179 639 234 D.
652 179 780 250 Augusti
798 181 840 236 Vl
856 185 968 238 40-43.

2 354 135 468 ahma
258 354 309 418 40.
334 352 372 430 Q.
396 353 539 418 Plautius
569 355 643 419 Sex.
667 354 820 437 Papinius
852 355 997 420 consules
1028 360 1211 437 sequuntur.

20 424 147 547 mffi‘
171 479 209 524 co
223 479 308 524 anno
324 478 428 540 neque
444 457 527 540 quod
542 459 577 522 L.
591 457 743 523 Aruseius
768 509 774 522 .
793 509 799 522 .
819 509 825 522 .
849 464 949 523 morte
964 458 1083 523 adfecti
1098 459 1213 539 forent,

12 562 144 615 treunam.
171 562 382 627 adsuetudine
398 562 551 626 malorum
567 567 603 625 ut
617 567 710 627 atrox
726 560 962 644 advertebatur,
987 561 1043 627 sed
1060 563 1214 628 exterruit

172 666 256 748 quod
279 666 455 731 Vibulenus
477 665 621 748 Agrippa
647 683 744 746 eques
767 665 939 746 Romanus,
972 685 1043 729 cum
1071 679 1214 749 ¹peroras·

172 776 243 835 sent
258 775 467 848 accusatores,
491 769 523 831 in
541 768 610 851 ipsa
626 768 712 832 curia
728 766 948 851 depromptum
965 769 1037 833 sinu
1051 788 1213 834 venenum

171 873 277 937 hausit
307 873 534 956 prolapsusque
564 892 602 936 ac
637 871 844 937 moribundus
874 871 1034 938 festinatis
1068 873 1215 937 lictorum

172 975 319 1040 manibus
342 976 375 1040 in
399 995 556 1040 carperem
578 981 688 1059 raptus
704 981 763 1055 est,
786 975 960 1057 faucesque
975 977 1040 1040 iam
1056 976 1215 1041 exanimis

172 1080 285 1161 laqueo
308 1086 453 1144 vexatae.
477 1099 518 1143 ne
540 1079 696 1164 Tigranes
720 1078 857 1162 quidem,
880 1080 1032 1144 Armenia
1054 1080 1215 1162 quondam

172 1183 290 1266 potitus
312 1203 351 1247 ac
374 1189 449 1247 tune
471 1203 554 1264 reus,
578 1183 705 1247 nomine
727 1183 815 1266 regio
835 1183 991 1266 supplicia
1006 1183 1123 1248 civium
1140 1184 1216 1248 effu·

172 1286 228 1370 git.
252 1293 285 1351 at
308 1287 342 1352 O.
360 1286 463 1352 Galba
485 1287 658 1351 consularis
682 1292 713 1350 et
732 1285 795 1351 duo
811 1286 917 1351 Blaesi
932 1285 1109 1351 voluntario
1126 1287 1215 1351 exitu

174 1390 326 1472 occidere,
350 1390 452 1457 Galba
472 1391 613 1455 tristibus
629 1389 774 1455 Caesaris
797 1389 909 1454 litteris
932 1388 1129 1473 provinciam
1153 1410 1216 1455 scr-

173 1494 224 1558 tiri
246 1494 437 1578 prohibitus:
462 1494 585 1558 Blaesis
607 1493 794 1574 sacerdotia,
825 1494 950 1577 integra
980 1513 1089 1558 eorum
1120 1493 1215 1558 domo

173 1597 342 1680 destinata,
367 1599 517 1664 convulsa
540 1598 714 1679 distulerat,
745 1604 821 1661 tunc
844 1603 878 1661 ut
900 1617 1002 1661 vaoua
1026 1598 1159 1662 contulit
1181 1599 1215 1662 in

173 1702 261 1783 alios,
293 1702 378 1784 quod
408 1702 533 1786 signum
563 1702 671 1766 mortis
699 1701 885 1766 intellexere
908 1706 939 1764 et
963 1701 1106 1766 exsecuti
1130 1709 1214 1767 sunt.

174 1813 205 1871 et
228 1807 363 1871 Aemilia
385 1805 518 1891 Lepida,
550 1826 645 1887 quam
672 1805 781 1870 iuveni
803 1805 906 1869 Druso
935 1811 1068 1889 nuptam
1098 1807 1215 1886 rettuli,

174 1909 292 1975 crebris
316 1909 499 1975 criminibus
521 1908 669 1973 maritum
689 1909 854 1989 insectata,
879 1928 1070 1990 quamquam
1086 1908 1215 1974 intesta-

173 2014 256 2094 bilis,
280 2020 387 2078 tamen
409 2014 565 2096 impunita
587 2014 712 2097 agebat,
737 2012 812 2076 dum
835 2011 990 2096 superfuit
1011 2018 1102 2096 pater
1123 2014 1216 2098 Lepi-

174 2116 247 2181 dus:
271 2123 342 2200 post
364 2137 385 2180 a
407 2115 600 2181 delatoribus
623 2116 789 2201 corripitur
811 2116 852 2180 ob
873 2135 999 2181 servum
1020 2115 1214 2202 adulterum3

173 2241 233 2285 nec
256 2219 462 2285 dubitabatur
484 2220 524 2285 de
539 2221 668 2306 flagitio.
693 2241 768 2305 ergo
784 2220 900 2285 omissa
916 2218 1102 2285 defensione
1118 2220 1214 2285 finem

174 2325 260 2389 ritae
283 2325 343 2389 sibi
366 2325 479 2408 posuit.

23 2424 134 2469 ffitl²¹¹i⁰¹¹
260 2429 312 2492 41.
348 2429 409 2494 Per
441 2428 527 2494 idem
564 2436 689 2512 tempus
724 2427 876 2493 Clitarum
910 2430 997 2494 natio
1031 2428 1215 2514 Cappadoci

15 2493 143 2538 mmm
173 2533 327 2599 Archelao
344 2533 496 2616 subiecta,
513 2533 587 2615 quia
603 2538 743 2597 nostrum
760 2532 793 2595 in
809 2532 937 2597 modum
953 2532 1077 2598 deferre
1089 2553 1214 2614 censue,

173 2640 241 2722 pati
270 2639 388 2703 tributa
416 2638 613 2722 adigebatur,
644 2637 677 2700 in
700 2637 776 2720 iuga
797 2637 893 2701 Tauri
919 2637 1036 2702 montis
1059 2636 1216 2702 abscessit

173 2742 375 2824 locorumque
408 2741 536 2825 ingenio
571 2760 641 2805 sese
676 2746 784 2804 oontra
814 2740 957 2805 imbelles
989 2741 1074 2824 regis
1106 2741 1215 2825 copias

174 2847 346 2926 tutabatur,
368 2844 470 2909 donec
484 2845 525 2908 Μ.
542 2845 718 2909 Trebellius
733 2844 867 2928 legatus,
891 2865 911 2908 a
925 2845 1051 2909 Vitellio
1067 2846 1216 2928 praeside

175 2949 287 3015 Suriae
317 2968 388 3012 cum
421 2954 568 3029 quattuor
598 2948 725 3013 milibus
751 2948 995 3032 legionariorum
1025 2955 1056 3012 et
1082 2947 1217 3015 delectis

175 3052 302 3116 auxiliis
314 3051 438 3130 missus,
455 3049 534 3116 duos
546 3051 642 3132 collis,
656 3071 734 3133 quos
745 3051 873 3115 barbari
888 3050 1072 3116 insederant
1089 3052 1216 3138 (minori

177 3154 291 3234 Cadra,
311 3153 402 3218 alteri
417 3152 546 3218 Davara
560 3175 676 3218 nomen
692 3157 762 3236 est),
786 3154 934 3237 operibus
955 3153 1162 3219 circumdedit
1185 3163 1218 3221 et

177 3278 340 3342 erumpere
363 3277 457 3322 ausos
479 3257 572 3338 ferro,
597 3263 718 3322 eeteros
741 3257 794 3321 siti
816 3256 858 3321 ad
882 3256 1076 3322 deditionem
1101 3260 1215 3344 coegit.

24 3357 137 3403 'istim
263 3363 305 3426 At
327 3360 485 3426 Tiridates
508 3361 687 3426 volentibus
709 3359 834 3424 Parthis
857 3360 1083 3444 Nicephorium
1106 3367 1138 3427 et
1153 3364 1217 3427 An-

15 3428 145 3552 ,uffiuq
176 3466 377 3533 themusiada
411 3471 594 3547 ceterasque
628 3465 732 3545 urbes,
768 3484 848 3546 quac
875 3463 1101 3530 Macedonibus
1136 3466 1217 3531 sitae

34 3566 125 3622 cuttu.
177 3572 298 3637 Graeca
320 3570 476 3635 vocabula
498 3576 660 3653 usurpant,
684 3569 864 3650 Halumque
887 3574 918 3632 et
940 3568 1127 3633 Artemitam
1143 3570 1218 3633 Par-

176 3675 262 3740 thica
284 3673 402 3759 oppida
424 3673 553 3757 recepit,
581 3673 777 3739 certantibus
799 3671 916 3756 gaudio
939 3672 993 3754 qui
1015 3673 1217 3739 Artabanum

116 3789 123 3801 ·
176 3777 314 3862 Scythas
347 3777 430 3841 inter
463 3775 611 3842 eductum
644 3777 685 3842 ob
724 3775 890 3842 saevitiam
929 3778 1087 3841 exsecrati
1126 3797 1217 3843 come

165 3881 321 3950 Tiridatis
345 3881 516 3970 ingenium
535 3882 700 3950 Romanas
719 3900 776 3966 per
798 3885 885 3944 artes
905 3881 1086 3961 sperabant.
