2760 4214
263 145 326 209 110
500 161 549 215 Ab
569 175 684 215 excessu
702 159 735 213 D.
750 159 875 229 Augusti
893 158 937 213 ΙΙΙ
955 161 1067 215 49-53.

261 332 337 398 fidei
352 333 421 415 fuit,
438 333 659 416 sententiaque
673 333 797 398 Haterii
811 333 975 417 Agrippae
991 332 1129 398 consulis
1144 331 1303 415 designati

261 437 415 502 indictum
437 457 491 502 reo
514 437 660 502 ultimum
684 436 883 521 supplicium.

100 539 244 594 ursmarus
348 541 400 606 50.
425 542 543 607 Contra
558 541 609 604 Μ’.
627 539 767 625 Lepidus
790 540 823 605 in
846 540 931 605 hunc
946 538 1075 606 modum
1091 559 1224 605 exorsus
1240 545 1302 604 est:

93 609 130 653 tes
144 609 244 662 stultus.

132 2604 221 2658 botran

109 2675 145 2718 bct
156 2675 246 2721 littrllt.

262 641 271 664 ί
292 647 298 662 ι

273 667 310 728 si,
333 653 440 731 patres
464 645 643 729 conscripti,
667 665 765 710 unum
787 644 821 708 id
844 651 1036 730 spectamus,
1061 664 1156 727 quam
1180 643 1304 709 nefaria

262 770 341 816 voco
364 749 521 815 Clutorius
544 749 669 814 Priscus
692 755 833 814 mentem
855 768 946 814 suam
969 754 1116 813 stauros
1139 747 1303 813 hominurn
1371 790 1373 793 -

262 853 418 939 polluerit,
441 872 547 936 neque
569 872 676 918 carcer
690 873 794 936 neque
809 852 950 934 laqueus,
973 872 1015 917 ne
1029 852 1161 917 serviles
1176 850 1303 933 quidem

264 957 420 1022 cruciatus
442 958 476 1021 in
499 977 571 1021 eum
593 957 784 1023 suffecerint.
816 957 866 1022 sin
887 956 1009 1040 flagitia
1032 962 1064 1021 et
1078 955 1220 1021 facinora
1236 955 1305 1020 sine

265 1059 357 1125 modo
392 1067 475 1142 sunt,
509 1059 673 1144 suppliciis
706 1081 745 1124 ac
778 1060 926 1127 remediis
952 1060 1104 1144 principis
1131 1057 1305 1124 moderatio

265 1164 482 1246 maiorumque
513 1170 545 1228 et
574 1170 682 1230 vestra
711 1165 859 1248 exempla
890 1169 1078 1248 temperant,
1110 1169 1142 1227 et
1171 1183 1256 1228 vana
1285 1181 1305 1225 a

266 1269 417 1350 scelestis,
442 1266 528 1332 dicta
549 1288 570 1331 a
589 1266 753 1333 maleficiis
768 1266 928 1348 differunt,
952 1273 1000 1332 est
1015 1267 1102 1332 locus
1117 1265 1304 1345 sententiae,

266 1392 322 1456 per
344 1392 440 1454 quam
462 1392 566 1454 neque
588 1369 663 1436 huic
683 1369 831 1436 delictum
852 1370 981 1455 impune
997 1371 1038 1435 sit
1053 1377 1085 1435 et
1099 1391 1158 1435 nos
1173 1370 1305 1435 clemen-

265 1476 330 1541 tiae
360 1476 454 1541 simul
482 1495 521 1540 ac
551 1474 731 1540 severitatis
759 1495 824 1539 non
854 1475 1025 1558 paeniteat.
1070 1494 1166 1558 saepe
1196 1473 1306 1538 audivi

266 1578 442 1664 principem
465 1584 606 1643 nostrum
629 1583 886 1660 conquerentem,
915 1577 942 1641 si
965 1578 1035 1659 quis
1058 1583 1184 1661 sumpta
1206 1583 1306 1642 morte

266 1681 514 1747 misericordiam
537 1682 605 1747 eius
627 1681 854 1765 praevenisset.
885 1680 953 1745 vita
975 1680 1106 1746 Clutorii
1128 1680 1161 1744 in
1184 1680 1307 1763 integro

267 1791 325 1866 est,
349 1785 403 1866 qui
425 1804 529 1867 neque
552 1790 695 1850 servatus
717 1784 751 1849 in
773 1783 947 1869 periculum
970 1784 1016 1848 rei
1031 1783 1184 1878 publicae
1203 1791 1308 1866 neque

266 1889 453 1955 interfectus
479 1889 513 1953 in
540 1889 722 1973 exemplum
747 1888 814 1952 ibit.
854 1887 960 1954 studia
980 1887 1037 1969 illi,
1060 1894 1096 1953 ut
1118 1889 1213 1973 plena
1235 1907 1308 1952 vae·

269 1991 404 2076 cordiae,
434 1993 480 2057 ita
506 1992 615 2056 inania
638 1999 669 2057 et
691 1991 779 2056 fluxa
802 1997 888 2077 sunt;
919 2011 980 2056 nec
1009 1992 1179 2074 quicquam
1208 2011 1307 2075 grave

268 2116 307 2160 ac
334 2097 450 2160 serium
477 2116 519 2160 ex
547 2116 584 2160 eo
611 2101 743 2178 metuas,
776 2096 829 2178 qui
860 2115 985 2160 suorum
1016 2096 1086 2179 ipse
1116 2095 1307 2178 flagitiorum

268 2199 408 2285 proditor
444 2220 508 2264 non
546 2199 683 2264 virorum
715 2198 840 2281 animis,
877 2198 934 2265 sed
967 2199 1219 2264 muliercularum
1255 2198 1308 2263 ad-

268 2303 359 2387 repit.
406 2301 499 2368 cedat
520 2310 627 2367 tamen
650 2303 729 2368 urbe
751 2308 783 2368 ct
805 2302 898 2369 bonis
923 2303 1049 2368 amissis
1074 2322 1158 2385 aqua
1184 2309 1217 2368 et
1242 2302 1309 2384 igni

269 2412 426 2473 arceatur:
466 2406 551 2488 quod
583 2404 715 2491 perinde
750 2425 864 2472 censeo
897 2426 936 2471 ac
970 2406 997 2472 si
1029 2407 1100 2491 lege
1133 2405 1309 2471 maiestatis

269 2506 450 2576 teneretur.³

356 2615 408 2680 51.
433 2615 524 2681 Solus
546 2612 668 2698 Lepido
691 2613 855 2679 Rubellius
877 2613 1019 2678 Blandus
1045 2634 1063 2679 e
1090 2613 1308 2680 consularibus

270 2716 424 2784 adsensit:
449 2718 546 2783 ceteri
569 2718 759 2783 sententiam
774 2716 936 2802 Agrippae
952 2717 1061 2799 secuti,
1084 2717 1260 2799 ductusque
1275 2716 1309 2779 in

271 2842 428 2887 carcerem
452 2822 578 2887 Priscus
600 2842 639 2885 ac
661 2821 768 2886 statim
791 2821 1001 2887 exanimatus.
1040 2820 1073 2886 id
1094 2821 1240 2886 Tiberius
1263 2841 1309 2885 so·

271 2925 334 2990 litis
365 2925 426 2989 sibi
455 2924 645 3008 ambagibus
674 2924 761 3009 apud
789 2931 934 2990 senatum
955 2925 1123 3006 incusavit,
1154 2945 1226 2990 cum
1257 2943 1309 2988 ex·

272 3028 394 3093 tolleret
405 3028 556 3111 pietatem
570 3028 714 3110 quamvis
729 3028 870 3094 modicas
885 3027 1037 3112 principis
1052 3027 1184 3093 iniurias
1195 3027 1310 3092 acriter

271 3131 500 3213 ulciscentium,
524 3130 747 3216 deprecaretur
769 3139 835 3196 tam
856 3132 1040 3217 praecipitis
1055 3133 1222 3197 verborum
1238 3152 1309 3215 poe-

272 3256 340 3318 nas,
364 3234 506 3301 laudaret
530 3233 687 3319 Lepidum
708 3255 813 3318 neque
835 3235 1011 3320 Agrippam
1034 3242 1190 3320 argueret.
1213 3235 1310 3319 igitur

272 3341 390 3405 factum
413 3344 543 3404 senatus
566 3339 752 3422 consultum,
776 3359 816 3404 ne
839 3339 967 3404 decreta
988 3344 1113 3424 patrum
1135 3337 1311 3404 antediem

273 3443 431 3509 decimum
460 3442 501 3507 ad
528 3444 684 3509 aerarium
707 3441 904 3509 deferrentur
931 3442 1028 3526 idque
1058 3443 1143 3508 vitae
1173 3443 1310 3526 spatium

274 3546 433 3612 damnatis
454 3553 683 3631 prorogaretur.
711 3546 769 3613 sed
790 3567 854 3611 non
876 3546 1000 3612 senatui
1023 3546 1153 3612 libertas
1174 3546 1217 3611 ad
1239 3566 1312 3631 pae-

273 3650 440 3716 nitendum
468 3657 544 3732 erat,
577 3670 680 3733 neque
702 3651 849 3717 'liberius
871 3651 1037 3718 interiectu
1060 3650 1210 3736 temporis
1233 3650 1311 3714 miti-

273 3757 417 3839 gabatur.
