2760 4214
248 146 311 210 194
480 163 530 217 Ab
548 178 665 217 excessu
681 162 716 216 D.
730 163 857 232 Augusti
874 163 916 217 Vl
933 167 1047 219 47-50.

101 355 196 408 arnecto
330 338 383 402 47.
407 338 539 403 Interim
554 339 675 403 Romae
696 337 811 403 futuris
832 338 930 403 etiam
951 344 1024 422 post
1038 338 1203 403 Tiberium
1217 359 1288 404 oue

88 426 214 539 ”22:¹¹⁸
243 441 339 507 dibus
360 443 485 507 semina
498 442 703 507 iaciebantur.
727 442 854 507 Laelius
869 443 989 507 Balbus
1003 443 1161 523 Aeutiam,
1184 443 1220 507 P.
1233 443 1288 508 Vi·

89 564 205 609 auunu
243 546 321 610 tellii
358 545 520 628 quondam
556 567 700 627 uxorem,
737 545 915 611 maiestatis
952 546 1182 630 postulaverat:
1220 568 1287 629 qua

242 650 395 716 damnata
417 672 489 716 eum
511 651 687 736 praemium
709 651 885 716 accusatori
906 649 1140 731 decerneretur,
1173 652 1286 718 Iunius

242 754 327 820 Otho
356 756 502 820 tribunus
530 756 636 839 plebei
666 755 855 836 intercessit,
887 754 973 820 unde
1001 755 1065 820 illis
1093 755 1176 834 odia,
1207 777 1284 821 mox

242 858 359 924 Othoni
382 860 524 924 exitium.
569 859 646 923 dein
668 859 836 924 multorum
857 860 1019 924 amoribus
1041 859 1165 924 famosa
1186 861 1284 925 Albu-

241 962 324 1043 eilla,
347 962 398 1027 eui
420 964 656 1027 matrimonium
678 983 751 1027 cum
765 963 870 1028 Satrio
884 962 1032 1029 Secundo
1055 963 1284 1030 coniurationis

240 1064 346 1130 indice
372 1066 486 1147 iuerat,
515 1066 657 1132 defertur
678 1067 840 1151 inpietatis
862 1068 896 1130 in
917 1067 1108 1150 principem;
1139 1074 1283 1133 conecte

241 1171 355 1235 bantur
381 1179 416 1235 ut
442 1172 560 1238 conscii
583 1180 616 1237 et
636 1170 773 1236 adulteri
795 1172 864 1236 eius
887 1172 944 1237 Cu.
969 1170 1137 1251 Domitius,
1166 1171 1284 1237 Vibius

239 1275 372 1356 Marsus,
396 1276 432 1339 L.
454 1275 632 1340 Arruntius.
670 1275 712 1340 de
739 1274 926 1340 claritudine
947 1275 1079 1339 Domitii
1101 1295 1197 1359 supra
1218 1295 1282 1340 me

239 1380 374 1463 moravi;
404 1380 528 1445 Marsus
556 1399 683 1463 quoque
711 1380 846 1444 vetustis
875 1379 1049 1446 honoribus
1078 1387 1111 1445 et
1139 1380 1283 1444 inlustris

240 1483 353 1549 studiis
382 1494 459 1548 erat.
491 1484 549 1550 sed
578 1485 707 1549 testium
736 1484 987 1568 interrogationi,
1023 1484 1190 1549 tormentis
1218 1504 1282 1548 ser·

238 1606 348 1651 vorum
374 1588 556 1653 Macronem
586 1587 785 1672 praesedisse
815 1589 1032 1653 commentarii
1060 1586 1103 1651 ad
1133 1594 1281 1652 senatum

239 1691 326 1755 missi
349 1690 505 1772 ferebant,
538 1692 707 1774 nullaeque
729 1693 763 1756 in
786 1712 841 1757 eos
863 1691 1063 1775 imperatoris
1085 1692 1209 1756 litterae
1231 1712 1281 1757 su·

238 1795 411 1904 spieionem
442 1795 571 1875 dabant,
601 1794 743 1859 invalido
764 1815 803 1860 ac
825 1794 961 1860 fortasse
983 1795 1095 1879 ignaro
1118 1794 1193 1860 ficta
1213 1796 1279 1880 ple-

237 1919 334 1980 reque
357 1899 398 1963 ob
422 1900 604 1965 iuimicitias
625 1900 784 1964 Macronis
806 1908 899 1965 notas
921 1900 955 1963 in
978 1899 1172 1964 Arruntium.

322 2002 375 2066 48.
398 2004 500 2085 Igitur
522 2004 680 2068 Domitius
710 2003 927 2069 defensionem
957 2003 1125 2084 meditans,
1154 2003 1279 2069 Marsus

235 2114 399 2187 tamquam
421 2106 561 2171 inediam
576 2106 809 2189 destinavisset,
834 2107 1013 2192 produxere
1027 2108 1136 2172 vitam.
1160 2107 1279 2171 Arrun·

235 2209 308 2288 tius,
342 2211 575 2276 cunctationem
609 2220 641 2276 et
673 2233 777 2277 moras
811 2211 1019 2277 suadentibus
1052 2211 1173 2292 amicis,
1210 2232 1277 2278 non

235 2313 348 2378 eadem
363 2315 510 2380 omnibus
524 2314 639 2381 decora
654 2315 830 2400 respondit:
854 2316 915 2380 sibi
931 2316 1009 2380 satis
1024 2314 1148 2395 aetatis,
1171 2335 1278 2397 neque

234 2416 321 2481 aliud
342 2418 579 2501 paenitendum,
604 2440 699 2502 quarn
722 2419 808 2501 quod
829 2420 912 2483 inter
933 2418 1072 2483 ludibria
1086 2426 1118 2483 et
1132 2419 1276 2502 pericula

234 2522 365 2586 anxiam
387 2530 549 2588 senectam
571 2524 780 2604 toleravisset,
803 2523 857 2586 diu
873 2523 1000 2602 Seiano,
1023 2543 1108 2586 nuuc
1123 2523 1275 2605 Macroni,

234 2645 360 2710 semper
380 2628 475 2691 alicui
497 2628 672 2711 potentium
695 2628 827 2708 invisus,
850 2647 914 2692 nou
938 2627 1041 2711 culpa,
1064 2625 1122 2691 sed
1137 2633 1172 2690 ut
1186 2625 1275 2710 flagi-

233 2730 346 2794 tiorum
368 2731 536 2814 inpatiens.
561 2751 638 2796 sane
661 2752 779 2815 paucos
800 2731 843 2795 ad
865 2751 1014 2815 suprema
1035 2731 1189 2814 principis
1204 2729 1276 2796 dies

233 2854 325 2919 posse
360 2836 467 2899 vitari:
505 2855 600 2917 quem
633 2836 675 2900 ad
711 2835 840 2900 modum
878 2855 1046 2900 evasurum
1078 2835 1276 2900 imminentis

232 2938 419 3002 iuventam?
441 2959 493 3018 an,
517 2959 590 3002 oum
604 2940 750 3005 Tiberius
764 2948 837 3023 post
852 2946 974 3004 tantam
989 2959 1093 3004 rerum
1109 2938 1276 3022 experien-

232 3042 309 3106 tiam
340 3042 372 3105 vi
399 3042 623 3108 dominationis
645 3044 816 3109 convulsus
846 3053 878 3109 et
907 3050 1047 3108 mutatus
1076 3043 1126 3122 sit,
1158 3042 1275 3108 Gaium

233 3145 402 3210 Caesarem
425 3145 481 3209 vix
503 3146 594 3211 finita
615 3147 760 3230 pueritia,
791 3148 936 3231 ignamm
963 3146 1104 3212 omnium
1126 3154 1182 3210 aut
1204 3166 1275 3230 pes

231 3249 319 3314 simis
349 3249 546 3331 innutritum,
581 3250 712 3316 meliora
742 3251 971 3334 capessiturum
1001 3251 1150 3315 Macrone
1179 3249 1272 3330 duce,

231 3353 285 3436 qui
307 3361 343 3417 ut
365 3352 500 3418 deterior
521 3353 564 3418 ad
586 3354 828 3438 opprimendum
851 3356 1002 3422 Seianum
1023 3354 1166 3419 delectus
1179 3354 1273 3437 plura

231 3480 287 3543 per
317 3458 437 3523 scelera
469 3479 537 3522 rem
570 3459 731 3542 publicam
765 3459 1034 3524 conflictavisset?
1068 3465 1273 3542 prospectare

230 3563 293 3627 iam
317 3563 477 3628 seuerius
500 3563 674 3643 servitium,
703 3583 803 3646 eoque
826 3563 937 3648 fugere
960 3563 1055 3628 simul
1078 3571 1150 3626 aeta
1172 3562 1272 3627 etin·

229 3668 356 3731 stantia.
401 3666 483 3731 haee
512 3667 596 3732 vatis
623 3667 656 3730 in
683 3667 812 3732 modum
834 3667 984 3732 dictitans
1007 3686 1108 3730 venas
1130 3665 1269 3731 resolvit.

230 3770 419 3835 documento
442 3772 608 3852 sequentia
630 3780 723 3836 erunt
745 3774 828 3838 bene
843 3773 1028 3837 Arruntium
1051 3778 1151 3836 morte
1166 3791 1269 3836 usum.

78 3832 138 3952 x
214 3876 382 3944 Albucilla
413 3875 510 3945 inrito
539 3876 608 3944 ictu
637 3877 678 3943 ab
708 3884 811 3944 semet
835 3877 1001 3941 uulnerata
1027 3875 1116 3941 iussu
1138 3881 1271 3940 senatus
