2760 4214
444 154 469 191 a.
483 137 516 194 u.
529 154 552 193 e.
565 141 624 194 roc.
651 155 677 207 p.
692 138 754 193 rur.
770 142 809 195 rc.
1105 123 1145 188 57

104 310 299 376 internuntio
322 331 482 376 semones
506 332 691 377 commeare.
729 319 825 396 atque
847 314 974 378 interim
993 314 1148 380 Libonem

103 420 196 479 ornat
218 421 375 499 practura,
399 416 597 481 convictibus
619 416 760 498 adhibet,
783 438 847 482 non
870 418 959 482 uultu
980 418 1147 499 alienatus

106 537 171 582 non
193 519 300 583 verbis
324 518 519 585 commotior:
543 520 624 584 adeo
648 521 727 584 iram
750 520 948 605 condiderat3
973 526 1148 604 cunctaque

106 621 175 686 eius
197 619 283 686 dicta
304 620 462 704 factaque,
487 643 558 687 curn
580 623 747 707 prohibere
763 631 879 708 posset,
903 626 983 689 scire
999 625 1147 705 malebat,

104 723 209 789 donec
224 726 334 790 Iunius
357 724 496 807 quidam,
520 733 692 811 temptatus
715 735 750 792 ut
771 728 913 794 infernas
935 730 1064 794 umbras
1085 749 1148 794 car-

107 828 247 893 minibus
270 829 405 910 eliceret,
429 828 471 894 ad
486 830 665 895 Fulcinium
679 832 827 899 Trionem
850 832 1002 897 indicium
1025 833 1146 898 detulit.

106 932 232 997 celebre
254 933 335 997 inter
357 940 557 999 accusatores
581 936 708 1001 Trionis
730 936 895 1020 ingenium
918 944 985 1001 erat
1007 935 1147 1001 avidum-

109 1056 170 1118 que
200 1036 305 1102 samae
336 1037 447 1101 malac.
487 1039 593 1102 statim
616 1040 743 1124 corripit
764 1061 863 1122 reum,
894 1040 961 1104 adit
992 1041 1147 1120 consules,

105 1141 343 1224 eongnitionem
366 1148 496 1207 senatus
519 1143 630 1226 poscit.
669 1150 701 1207 et
724 1151 878 1208 vocantur
898 1149 1015 1228 patres,
1039 1143 1148 1208 addito

106 1244 351 1310 consultandum
373 1265 468 1330 super
490 1266 524 1311 re
547 1267 664 1330 magna
686 1253 718 1311 et
740 1248 847 1312 atroci.

196 1347 246 1413 29.
270 1349 350 1414 Libo
375 1349 506 1414 interim
537 1357 626 1415 veste
656 1358 776 1415 mutata
804 1372 875 1416 cunr
897 1351 1086 1435 primoribus
1109 1356 1150 1415 fe·
1177 1346 1309 1459 ,ζῖῑωῗᾞί

107 1451 203 1516 minis
226 1453 388 1517 circumire
412 1451 531 1534 domos,
563 1474 652 1519 orare
681 1454 815 1535 adfines,
846 1475 957 1520 vocem
979 1455 1149 1519 adversum
1176 1425 1306 1537 1331111,

108 1555 248 1638 pericula
269 1576 408 1640 poscere,
432 1557 646 1623 abnuentibus
669 1559 801 1639 cunctis,
826 1579 897 1623 curn
920 1557 1047 1623 diversa
1061 1578 1149 1642 prae·
1182 1554 1303 1607 teutsinus.

110 1656 285 1740 tenderent,
310 1658 422 1724 eadem
445 1659 621 1726 formidine.
657 1662 709 1728 die
732 1669 861 1727 senatus
883 1668 970 1727 metu
993 1667 1025 1726 et
1051 1661 1149 1745 aegri-

108 1762 219 1830 tudine
242 1763 355 1845 iessus,
379 1765 457 1845 sinc,
481 1771 516 1828 ut
530 1765 688 1830 tradidere
704 1765 843 1848 quidam,
867 1767 1014 1830 simulato
1029 1765 1147 1845 morbo,

108 1866 221 1932 lectica
244 1867 368 1933 delatus
389 1867 432 1933 ad
454 1868 538 1934 iores
561 1870 667 1934 euriae
683 1871 868 1953 innisusque
883 1870 973 1934 fratri
989 1876 1022 1934 ct
1036 1889 1149 1934 manus

108 1991 148 2035 ac
177 1972 335 2057 supplices
366 1993 461 2038 voces
490 1973 532 2037 ad
562 1974 724 2037 Tiberium
757 1973 892 2038 tendens
922 1975 1051 2038 immoto
1081 1973 1149 2038 eius

110 2075 199 2140 vultu
223 2076 387 2160 excipitur.
433 2097 508 2140 mox
531 2077 653 2142 libellos
677 2083 708 2141 et
730 2083 874 2143 auctores
897 2077 1009 2142 recitat
1032 2078 1150 2142 Caesar

109 2178 155 2243 ita
176 2179 353 2262 moderans,
377 2201 418 2245 ne
440 2181 539 2246 lenire
562 2202 644 2246 nevc
667 2202 815 2265 asperare
832 2182 964 2246 crimina
978 2180 1148 2246 videretur.

196 2282 248 2348 30.
272 2285 481 2350 Accesserant
510 2291 636 2369 praeter
658 2286 806 2351 Trionem
829 2292 861 2350 et
884 2286 998 2351 Catum
1024 2303 1150 2348 accusa·
1199 2279 1293 2395 53ξὲ

110 2393 194 2452 tores
209 2388 361 2453 Fonteius
376 2389 519 2473 Agrippa
534 2394 566 2453 ct
582 2389 616 2454 C.
630 2388 752 2469 Vibius,
777 2390 1004 2470 certabantque
1027 2387 1078 2451 cui
1100 2387 1150 2451 ius
1214 2419 1281 2472 „um

111 2491 280 2577 perorandi
302 2493 336 2557 in
358 2513 447 2558 reum
469 2491 608 2573 daretur,
640 2493 742 2558 donec
757 2492 878 2573 Vibius,
910 2493 986 2574 quia
1008 2512 1067 2555 nec
1089 2490 1150 2575 ipsi
1198 2489 1298 2542 t²i⁰¹¹⁸¹¹

48 2582 59 2597 ⁶
109 2597 192 2661 inter
225 2616 260 2662 se
294 2595 503 2662 concederent
538 2602 569 2661 et
596 2597 676 2661 Libo
710 2596 779 2661 sinc
813 2602 946 2679 patrono
980 2595 1149 2674 introisset,
1202 2559 1293 2603 mm

110 2699 295 2783 singillatim
323 2720 358 2765 se
385 2700 517 2764 crimina
544 2700 739 2765 obiecturum
766 2698 937 2783 professae,
960 2698 1096 2782 'protulit
1117 2696 1151 2760 li-

110 2803 210 2869 bellos
224 2804 397 2870 vaecordes
412 2803 503 2886 adeo,
526 2811 561 2868 ut
576 2803 801 2868 consultaverit
816 2802 905 2883 Libo,
929 2822 971 2866 an
987 2800 1152 2867 habiturus

111 2906 193 2973 foret
208 2927 294 2992 opes,
319 2909 388 2991 quis
411 2909 497 2972 viam
512 2907 651 2992 Appiam
666 2906 870 2972 Brundisium
892 2926 992 2988 usquc
1015 2904 1152 2991 pecunia

110 3012 256 3096 operiret.
295 3012 420 3077 inerant
449 3019 481 3076 et
510 3012 574 3076 alia
601 3010 732 3075 huiusce
754 3010 840 3076 modi
862 3010 978 3076 stolida
1000 3030 1093 3090 vana,
1125 3009 1151 3074 si

111 3115 237 3180 mollius
259 3116 430 3199 acciperes,
461 3113 650 3180 miseranda.
689 3133 752 3178 uno
783 3120 890 3179 tamen
919 3114 1025 3180 libcllo
1055 3133 1152 3177 manu

110 3219 243 3284 Libonis
273 3220 454 3285 nominibus
477 3219 649 3284 Caesarum
664 3222 720 3281 aut
737 3225 917 3282 senatorum
931 3215 1058 3281 additas
1072 3222 1152 3280 atro-

110 3342 165 3389 ces
187 3324 239 3388 vel
262 3324 400 3389 occultas
423 3330 514 3388 notas
542 3328 706 3387 accusator
728 3321 890 3404 arguebat.
937 3324 1076 3404 negante
1098 3339 1152 3383 reo

111 3426 344 3512 adgnoscentes
367 3448 475 3493 seruos
499 3447 555 3512 per
578 3432 734 3491 tormenta
756 3424 942 3507 interrogari
965 3423 1092 3507 placuit.
1122 3427 1153 3487 et

113 3531 189 3613 quia
218 3538 326 3596 vetcrc
357 3537 486 3596 senatus
519 3531 660 3595 consulto
691 3528 835 3611 quaestio
857 3528 892 3591 in
915 3533 1010 3610 caput
1033 3526 1153 3591 domini

112 3633 347 3719 prohibebatur,
383 3634 514 3699 callidus
549 3640 580 3698 et
613 3634 689 3698 nori
723 3632 800 3696 iuris
833 3638 975 3715 repertor
1007 3630 1153 3694 Tiberius

112 3738 287 3822 mancipari
311 3738 451 3821 singulos
473 3738 571 3801 actori
594 3737 720 3820 publico
743 3736 840 3816 iubet,
864 3734 984 3800 scilicet
1006 3740 1040 3798 ut
1055 3734 1153 3798 111111-

112 3842 229 3907 bonem
252 3862 292 3907 ex
317 3842 417 3907 serris
440 3841 528 3906 salvo
552 3848 681 3907 senatus
705 3840 846 3906 consulto
869 3846 1091 3923 quaereretur.
1118 3839 1164 3901 do
