2760 4214
321 176 381 240 118
554 193 603 247 Ab
623 209 740 248 excessu
758 194 791 248 D.
804 193 932 263 Augusti
950 194 992 248 lll
1012 199 1122 251 65-69.

319 387 432 431 munus
455 369 616 433 annalium
640 389 719 448 reor,
743 388 783 432 ne
803 369 936 434 virtutes
952 369 1113 450 sileantur,
1137 376 1234 451 utque
1249 369 1358 453 pravis

318 469 411 536 dictis
434 471 589 554 factisque
613 493 654 537 ex
677 473 861 556 posteritate
885 480 917 538 et
938 472 1072 538 infamia
1095 481 1198 538 metus
1221 474 1270 538 sit.
1311 494 1358 538 ce-

319 580 419 639 terum
449 581 592 659 tempora
620 576 674 640 illa
703 576 784 642 adeo
814 577 933 641 infecta
961 583 992 641 et
1018 576 1200 642 adulatione
1231 575 1359 642 sordida

319 678 417 760 fuere,
447 686 482 743 ut
508 700 573 744 non
595 679 688 744 modo
711 681 865 765 primores
888 681 1036 762 civitatis,
1068 681 1182 762 quibus
1205 681 1358 745 claritudo

320 802 377 847 sua
407 783 567 864 obsequiis
597 782 795 867 protegenda
824 792 901 866 erat,
937 784 993 849 sed
1023 804 1133 849 omnes
1168 785 1357 865 consulares,

320 907 437 969 magna
467 907 541 971 pars
571 907 679 951 eorum
711 888 765 970 qui
792 895 940 973 praetura
962 888 1062 953 functi
1085 889 1238 970 multique
1262 889 1358 953 etiam

320 989 441 1073 pedarii
465 996 627 1055 senatores
651 991 794 1055 certatim
818 999 1026 1076 exsurgerent
1041 991 1197 1074 foedaque
1214 997 1245 1056 et
1260 993 1360 1057 nimia

321 1101 495 1159 censerent.
533 1095 705 1159 memoriae
727 1095 869 1180 proditur
892 1096 1064 1176 liberium,
1095 1097 1241 1178 quotiens
1272 1096 1358 1160 curia

321 1196 532 1281 egrederetur,
549 1198 679 1263 Graecis
691 1199 796 1264 verbis
812 1199 844 1262 in
857 1198 941 1263 hunc
956 1198 1083 1264 modum
1099 1199 1202 1281 eloqui
1218 1199 1359 1264 solitum:

321 1295 350 1368 ‘0
373 1302 516 1368 homines
539 1302 580 1366 ad
603 1303 786 1368 servitutem
809 1300 962 1388 paratosl'
996 1304 1115 1368 scilicet
1138 1304 1233 1368 etiam
1260 1304 1358 1384 illum,

321 1407 374 1490 qui
397 1407 573 1472 libertatern
593 1408 753 1491 publicam
769 1408 876 1488 nollet,
899 1407 964 1472 tam
980 1408 1139 1492 proiectae
1155 1407 1359 1471 servientium

320 1511 494 1595 patientiae
516 1510 676 1575 taedebat.

180 1617 277 1662 suono
408 1616 459 1679 66.
484 1616 639 1679 Paulatim
667 1614 783 1680 dehinc
808 1618 850 1682 ab
878 1616 1035 1681 indecoris
1059 1616 1101 1680 ad
1123 1615 1240 1681 infesta
1261 1622 1360 1680 trans-

167 1687 287 1810 „mp
320 1718 554 1803 grediebantur.
600 1720 633 1785 Ο.
659 1719 801 1785 Silanum
832 1741 888 1804 pro
920 1721 1048 1785 consule
1078 1721 1185 1799 Asiae,
1215 1724 1361 1802 repetun-

321 1822 433 1887 darum
456 1844 476 1887 a
499 1823 593 1889 sociis
615 1824 817 1907 postulatum,
848 1824 1026 1888 Mamercus
1049 1824 1186 1890 Scaurus
1209 1843 1227 1887 e
1251 1843 1360 1888 consu·

320 1927 449 2008 laribus,
479 1927 592 1992 Iunius
623 1927 705 1993 Otho
733 1935 869 2012 praetor,
904 1927 1088 1993 Bruttedius
1118 1927 1217 2011 Niger
1246 1926 1360 1991 aedilis

321 2031 414 2096 simul
444 2031 615 2115 corripiunt
644 2032 867 2114 obiectantque
894 2031 1045 2096 violatum
1068 2032 1203 2115 Augusti
1230 2052 1359 2112 numen,

321 2141 461 2218 spretam
483 2135 603 2200 Tiberii
626 2136 834 2216 maiestatem,
857 2136 1034 2201 Mamercus
1058 2137 1189 2217 antiqua
1212 2136 1361 2219 exempla

321 2239 450 2319 iaciens
474 2239 509 2303 L.
527 2239 651 2304 Cottam
674 2259 694 2303 a
716 2238 863 2323 Scipione
878 2239 1039 2320 Africano,
1064 2240 1208 2305 Servium
1224 2239 1359 2305 Galbam

321 2363 341 2406 a
364 2343 485 2408 Catone
516 2343 668 2424 censorio,
699 2344 733 2407 P.
750 2344 902 2408 Rutilium
930 2344 1013 2408 aM.
1036 2344 1154 2409 Scauro
1184 2350 1358 2410 accusatos.

321 2445 470 2512 videlicet
481 2447 587 2530 Scipio
600 2452 632 2511 et
645 2447 723 2513 Cato
735 2448 812 2512 talia
824 2448 1065 2528 ulciscebantur,
1082 2454 1137 2511 aut
1148 2448 1201 2511 ille
1213 2448 1359 2527 Scaurus,

321 2571 415 2634 quem
437 2572 592 2634 proavum
615 2571 707 2616 suum
730 2552 932 2635 obprobrium
956 2552 1110 2616 maiorum
1125 2551 1301 2620 Mamercus
1316 2550 1360 2614 in-

321 2654 398 2719 fami
421 2675 517 2740 opera
540 2654 780 2720 dehonestabat.
808 2657 900 2720 Iunio
916 2656 1034 2721 Othoni
1050 2655 1236 2719 litterarium
1250 2653 1360 2718 ludum

322 2779 470 2825 exercere
492 2767 585 2825 vetus
608 2781 659 2825 ars
682 2760 755 2844 fuit3
779 2781 854 2824 mox
870 2760 979 2826 Seiani
1002 2760 1144 2843 potentia
1167 2765 1292 2823 senator
1307 2759 1360 2824 ob·

322 2884 414 2929 scura
435 2864 526 2927 initia
548 2863 785 2948 impudentibus
807 2864 893 2928 ausis
908 2863 1134 2948 propolluebat.
1160 2862 1359 2927 Bruttedium

321 2968 441 3033 artibus
463 2967 605 3032 honestis
629 2968 790 3053 copiosum
814 2973 854 3049 et,
879 2968 905 3032 si
927 2974 1048 3032 rectum
1063 2967 1123 3032 iter
1137 2974 1293 3051 pergeret,
1317 2964 1359 3031 ad

323 3071 496 3136 clarissima
527 3090 670 3153 quaeque
697 3071 812 3135 iturum
834 3070 995 3136 festinatio
1019 3070 1253 3150 exstimulabat,
1285 3068 1360 3134 dum

322 3175 473 3258 aequalis,
504 3175 579 3240 dein
610 3175 797 3259 superiores,
828 3180 986 3258 postremo
1017 3180 1156 3240 suasmet
1187 3174 1255 3257 ipse
1287 3193 1361 3257 spes

321 3279 424 3344 antire
456 3286 560 3365 parat:
592 3279 676 3361 quod
705 3279 818 3343 multos
849 3279 945 3343 etiam
975 3279 1076 3343 bonos
1106 3297 1233 3361 pessum
1261 3275 1361 3355 dedit,

322 3384 386 3467 qui,
417 3385 531 3468 spretis
563 3403 644 3465 quae
667 3381 759 3447 tarda
781 3403 852 3447 cum
876 3383 1054 3462 securitate,
1084 3387 1286 3465 praematura
1309 3381 1362 3445 vel

323 3509 392 3553 cum
417 3488 516 3553 exitio
539 3492 719 3572 properant.

192 3587 265 3701 '2‘sz
409 3593 460 3656 67.
484 3593 613 3657 Auxere
636 3611 800 3656 numerum
823 3597 1043 3655 accusatorum
1063 3590 1183 3655 Gellius
1199 3588 1363 3654 Publicola

170 3729 281 3782 prmus,
322 3705 354 3762 ct
376 3698 417 3761 M.
434 3697 600 3778 Paconius,
623 3697 675 3760 ille
699 3702 846 3778 quaestor
868 3695 978 3775 Silani,
1002 3695 1053 3759 hic
1076 3696 1208 3779 legatus.
1233 3715 1292 3758 neo
1308 3693 1362 3759 dn·

172 3799 282 3852 “lilim
322 3802 409 3866 bium
432 3801 609 3867 habebatur
631 3799 784 3864 saevitiae
799 3805 1025 3882 captarumque
1040 3799 1245 3883 pecuniarum
1261 3799 1363 3863 teneri

15 3868 115 3928 ι
306 3925 417 3972 reum:
433 3905 493 3974 sed
508 3905 610 3973 multa
625 3902 861 3992 adgerebantur
876 3903 972 3968 etiam
988 3903 1163 3968 insontibus
1175 3901 1363 3986 periculosa,
