<?xml version="1.0" encoding="UTF-8"?>
<!DOCTYPE html PUBLIC "-//W3C//DTD XHTML 1.0 Transitional//EN"
    "http://www.w3.org/TR/xhtml1/DTD/xhtml1-transitional.dtd">
<html xmlns="http://www.w3.org/1999/xhtml" xml:lang="en" lang="en">
 <head>
  <title>
</title>
<meta http-equiv="Content-Type" content="text/html;charset=utf-8" />
  <meta name='ocr-system' content='tesseract 3.04.00' />
  <meta name='ocr-capabilities' content='ocr_page ocr_carea ocr_par ocr_line ocrx_word'/>
</head>
<body>
  <div class='ocr_page' id='page_1' title='image "./annalen00tacigoog_0128.png"; bbox 0 0 2760 4214; ppageno 0'>
   <div class='ocr_carea' id='block_1_1' title="bbox 258 179 1065 264">
    <p class='ocr_par' dir='ltr' id='par_1_1' title="bbox 258 179 1065 264">
     <span class='ocr_line' id='line_1_1' title="bbox 258 179 1065 264; baseline 0.007 -21"><span class='ocrx_word' id='word_1_1' title='bbox 258 179 320 244; x_wconf 85' lang='grc'>106</span> <span class='ocrx_word' id='word_1_2' title='bbox 492 195 542 249; x_wconf 89' lang='lat' dir='ltr'>Ab</span> <span class='ocrx_word' id='word_1_3' title='bbox 561 210 678 250; x_wconf 85' lang='lat' dir='ltr'>excessu</span> <span class='ocrx_word' id='word_1_4' title='bbox 696 195 732 249; x_wconf 92' lang='lat' dir='ltr'>D.</span> <span class='ocrx_word' id='word_1_5' title='bbox 744 195 871 264; x_wconf 85' lang='lat' dir='ltr'>Augusti</span> <span class='ocrx_word' id='word_1_6' title='bbox 891 195 934 249; x_wconf 93' lang='lat' dir='ltr'>III</span> <span class='ocrx_word' id='word_1_7' title='bbox 952 197 1065 251; x_wconf 77' lang='lat'>40-45.</span> 
     </span>
    </p>
   </div>
   <div class='ocr_carea' id='block_1_2' title="bbox 256 368 1301 971">
    <p class='ocr_par' dir='ltr' id='par_1_2' title="bbox 256 368 1301 971">
     <span class='ocr_line' id='line_1_2' title="bbox 256 368 1298 452; baseline 0.001 -17"><span class='ocrx_word' id='word_1_8' title='bbox 256 372 350 452; x_wconf 84' lang='lat' dir='ltr'>facta,</span> <span class='ocrx_word' id='word_1_9' title='bbox 382 391 482 452; x_wconf 91' lang='lat' dir='ltr'>eoque</span> <span class='ocrx_word' id='word_1_10' title='bbox 504 372 649 435; x_wconf 87' lang='lat' dir='ltr'>Romana</span> <span class='ocrx_word' id='word_1_11' title='bbox 677 370 789 435; x_wconf 86' lang='lat' dir='ltr'>civitas</span> <span class='ocrx_word' id='word_1_12' title='bbox 802 369 887 435; x_wconf 90' lang='lat' dir='ltr'>olim</span> <span class='ocrx_word' id='word_1_13' title='bbox 910 368 996 450; x_wconf 89' lang='lat' dir='ltr'>data,</span> <span class='ocrx_word' id='word_1_14' title='bbox 1028 389 1098 434; x_wconf 92' lang='lat' dir='ltr'>cum</span> <span class='ocrx_word' id='word_1_15' title='bbox 1129 369 1162 433; x_wconf 95' lang='lat' dir='ltr'>id</span> <span class='ocrx_word' id='word_1_16' title='bbox 1192 391 1298 436; x_wconf 92' lang='lat' dir='ltr'>rarum</span> 
     </span>
     <span class='ocr_line' id='line_1_3' title="bbox 256 473 1301 557; baseline 0.001 -19"><span class='ocrx_word' id='word_1_17' title='bbox 256 486 316 540; x_wconf 81' lang='lat' dir='ltr'>nec</span> <span class='ocrx_word' id='word_1_18' title='bbox 338 474 400 538; x_wconf 93' lang='lat' dir='ltr'>nisi</span> <span class='ocrx_word' id='word_1_19' title='bbox 422 474 530 538; x_wconf 89' lang='lat' dir='ltr'>virtuti</span> <span class='ocrx_word' id='word_1_20' title='bbox 553 473 689 557; x_wconf 90' lang='lat' dir='ltr'>pretium</span> <span class='ocrx_word' id='word_1_21' title='bbox 705 479 797 539; x_wconf 89' lang='lat' dir='ltr'>esset.</span> <span class='ocrx_word' id='word_1_22' title='bbox 825 474 848 537; x_wconf 96' lang='lat' dir='ltr'>ii</span> <span class='ocrx_word' id='word_1_23' title='bbox 864 473 994 539; x_wconf 89' lang='lat' dir='ltr'>secretis</span> <span class='ocrx_word' id='word_1_24' title='bbox 1010 473 1195 556; x_wconf 82' lang='lat' dir='ltr'>conloquiis,</span> <span class='ocrx_word' id='word_1_25' title='bbox 1218 474 1301 540; x_wconf 88' lang='lat' dir='ltr'>fero-</span> 
     </span>
     <span class='ocr_line' id='line_1_4' title="bbox 257 574 1299 661; baseline 0 -19"><span class='ocrx_word' id='word_1_26' title='bbox 257 578 381 642; x_wconf 90' lang='lat' dir='ltr'>cissimo</span> <span class='ocrx_word' id='word_1_27' title='bbox 413 596 536 658; x_wconf 92' lang='lat' dir='ltr'>quoque</span> <span class='ocrx_word' id='word_1_28' title='bbox 566 574 736 661; x_wconf 90' lang='lat' dir='ltr'>adsumpto</span> <span class='ocrx_word' id='word_1_29' title='bbox 764 582 820 640; x_wconf 90' lang='lat' dir='ltr'>aut</span> <span class='ocrx_word' id='word_1_30' title='bbox 851 577 965 659; x_wconf 91' lang='lat' dir='ltr'>quibus</span> <span class='ocrx_word' id='word_1_31' title='bbox 992 577 1032 641; x_wconf 91' lang='lat' dir='ltr'>ob</span> <span class='ocrx_word' id='word_1_32' title='bbox 1061 583 1237 658; x_wconf 83' lang='lat' dir='ltr'>egestatem</span> <span class='ocrx_word' id='word_1_33' title='bbox 1259 598 1299 642; x_wconf 91' lang='lat' dir='ltr'>ac</span> 
     </span>
     <span class='ocr_line' id='line_1_5' title="bbox 256 678 1299 763; baseline 0 -18"><span class='ocrx_word' id='word_1_34' title='bbox 256 686 375 746; x_wconf 90' lang='lat' dir='ltr'>metum</span> <span class='ocrx_word' id='word_1_35' title='bbox 406 700 447 744; x_wconf 84' lang='lat' dir='ltr'>ex</span> <span class='ocrx_word' id='word_1_36' title='bbox 477 679 607 762; x_wconf 86' lang='lat' dir='ltr'>flagitiis</span> <span class='ocrx_word' id='word_1_37' title='bbox 637 679 778 743; x_wconf 83' lang='lat' dir='ltr'>maxima</span> <span class='ocrx_word' id='word_1_38' title='bbox 805 678 959 763; x_wconf 91' lang='lat' dir='ltr'>peccandi</span> <span class='ocrx_word' id='word_1_39' title='bbox 981 678 1193 761; x_wconf 76' lang='lat' dir='ltr'>necessitudo,</span> <span class='ocrx_word' id='word_1_40' title='bbox 1218 701 1299 745; x_wconf 89' lang='lat' dir='ltr'>eom·</span> 
     </span>
     <span class='ocr_line' id='line_1_6' title="bbox 256 782 1296 868; baseline 0 -20"><span class='ocrx_word' id='word_1_41' title='bbox 256 789 378 868; x_wconf 92' lang='lat' dir='ltr'>ponunt</span> <span class='ocrx_word' id='word_1_42' title='bbox 400 784 512 848; x_wconf 83' lang='lat' dir='ltr'>Florus</span> <span class='ocrx_word' id='word_1_43' title='bbox 535 783 662 866; x_wconf 80' lang='lat' dir='ltr'>Belgas,</span> <span class='ocrx_word' id='word_1_44' title='bbox 687 783 833 848; x_wconf 86' lang='lat' dir='ltr'>Sacrovir</span> <span class='ocrx_word' id='word_1_45' title='bbox 855 782 1018 867; x_wconf 87' lang='lat' dir='ltr'>propiores</span> <span class='ocrx_word' id='word_1_46' title='bbox 1033 782 1140 848; x_wconf 80' lang='lat' dir='ltr'>Gallos</span> <span class='ocrx_word' id='word_1_47' title='bbox 1163 784 1296 849; x_wconf 90' lang='lat' dir='ltr'>concire.</span> 
     </span>
     <span class='ocr_line' id='line_1_7' title="bbox 256 884 1299 971; baseline 0 -21"><span class='ocrx_word' id='word_1_48' title='bbox 256 887 351 971; x_wconf 92' lang='lat' dir='ltr'>igitur</span> <span class='ocrx_word' id='word_1_49' title='bbox 373 906 431 970; x_wconf 91' lang='lat' dir='ltr'>per</span> <span class='ocrx_word' id='word_1_50' title='bbox 453 885 661 950; x_wconf 91' lang='lat' dir='ltr'>conciliabula</span> <span class='ocrx_word' id='word_1_51' title='bbox 685 891 716 950; x_wconf 93' lang='lat' dir='ltr'>et</span> <span class='ocrx_word' id='word_1_52' title='bbox 739 891 847 950; x_wconf 90' lang='lat' dir='ltr'>coetus</span> <span class='ocrx_word' id='word_1_53' title='bbox 870 885 1022 951; x_wconf 90' lang='lat' dir='ltr'>seditiosa</span> <span class='ocrx_word' id='word_1_54' title='bbox 1044 884 1242 951; x_wconf 88' lang='lat' dir='ltr'>disserebant</span> <span class='ocrx_word' id='word_1_55' title='bbox 1257 885 1299 951; x_wconf 92' lang='lat' dir='ltr'>de</span> 
     </span>
    </p>
   </div>
   <div class='ocr_carea' id='block_1_3' title="bbox 85 988 1301 3863">
    <p class='ocr_par' dir='ltr' id='par_1_3' title="bbox 85 988 1301 3863">
     <span class='ocr_line' id='line_1_8' title="bbox 257 988 1299 1072; baseline -0.003 -17"><span class='ocrx_word' id='word_1_56' title='bbox 257 989 493 1055; x_wconf 81' lang='lat' dir='ltr'>continuatione</span> <span class='ocrx_word' id='word_1_57' title='bbox 515 989 713 1070; x_wconf 91' lang='lat' dir='ltr'>tributorum,</span> <span class='ocrx_word' id='word_1_58' title='bbox 744 989 902 1072; x_wconf 81' lang='lat' dir='ltr'>gravitate</span> <span class='ocrx_word' id='word_1_59' title='bbox 924 989 1074 1070; x_wconf 81' lang='lat' dir='ltr'>faenoris,</span> <span class='ocrx_word' id='word_1_60' title='bbox 1104 988 1238 1053; x_wconf 87' lang='lat' dir='ltr'>saevitia</span> <span class='ocrx_word' id='word_1_61' title='bbox 1259 1009 1299 1053; x_wconf 91' lang='lat' dir='ltr'>ac</span> 
     </span>
     <span class='ocr_line' id='line_1_9' title="bbox 257 1089 1299 1176; baseline -0.001 -19"><span class='ocrx_word' id='word_1_62' title='bbox 257 1093 407 1175; x_wconf 90' lang='lat' dir='ltr'>superbia</span> <span class='ocrx_word' id='word_1_63' title='bbox 422 1090 684 1176; x_wconf 89' lang='lat' dir='ltr'>praesidentium;</span> <span class='ocrx_word' id='word_1_64' title='bbox 709 1099 740 1156; x_wconf 93' lang='lat' dir='ltr'>et</span> <span class='ocrx_word' id='word_1_65' title='bbox 755 1091 938 1157; x_wconf 92' lang='lat' dir='ltr'>discordare</span> <span class='ocrx_word' id='word_1_66' title='bbox 953 1092 1086 1156; x_wconf 90' lang='lat' dir='ltr'>militem</span> <span class='ocrx_word' id='word_1_67' title='bbox 1100 1089 1207 1156; x_wconf 90' lang='lat' dir='ltr'>audito</span> <span class='ocrx_word' id='word_1_68' title='bbox 1223 1091 1299 1156; x_wconf 81' lang='lat' dir='ltr'>Ger-</span> 
     </span>
     <span class='ocr_line' id='line_1_10' title="bbox 256 1195 1297 1279; baseline -0.001 -20"><span class='ocrx_word' id='word_1_69' title='bbox 256 1195 373 1259; x_wconf 89' lang='lat' dir='ltr'>manici</span> <span class='ocrx_word' id='word_1_70' title='bbox 393 1195 502 1260; x_wconf 84' lang='lat' dir='ltr'>exitio.</span> <span class='ocrx_word' id='word_1_71' title='bbox 533 1195 697 1278; x_wconf 89' lang='lat' dir='ltr'>egregium</span> <span class='ocrx_word' id='word_1_72' title='bbox 719 1195 930 1261; x_wconf 88' lang='lat' dir='ltr'>resumendae</span> <span class='ocrx_word' id='word_1_73' title='bbox 952 1195 1090 1260; x_wconf 89' lang='lat' dir='ltr'>libertati</span> <span class='ocrx_word' id='word_1_74' title='bbox 1113 1201 1247 1279; x_wconf 90' lang='lat' dir='ltr'>tempus,</span> <span class='ocrx_word' id='word_1_75' title='bbox 1271 1195 1297 1260; x_wconf 91' lang='lat' dir='ltr'>si</span> 
     </span>
     <span class='ocr_line' id='line_1_11' title="bbox 256 1298 1301 1383; baseline -0.001 -20"><span class='ocrx_word' id='word_1_76' title='bbox 256 1298 318 1383; x_wconf 93' lang='lat' dir='ltr'>ipsi</span> <span class='ocrx_word' id='word_1_77' title='bbox 339 1298 497 1380; x_wconf 89' lang='lat' dir='ltr'>florentes,</span> <span class='ocrx_word' id='word_1_78' title='bbox 529 1319 623 1381; x_wconf 92' lang='lat' dir='ltr'>quam</span> <span class='ocrx_word' id='word_1_79' title='bbox 650 1299 742 1383; x_wconf 92' lang='lat' dir='ltr'>inops</span> <span class='ocrx_word' id='word_1_80' title='bbox 766 1299 869 1380; x_wconf 89' lang='lat' dir='ltr'>Italia,</span> <span class='ocrx_word' id='word_1_81' title='bbox 897 1319 992 1382; x_wconf 93' lang='lat' dir='ltr'>quam</span> <span class='ocrx_word' id='word_1_82' title='bbox 1022 1298 1148 1363; x_wconf 87' lang='lat' dir='ltr'>inbellis</span> <span class='ocrx_word' id='word_1_83' title='bbox 1178 1298 1301 1363; x_wconf 92' lang='lat' dir='ltr'>urbana</span> 
     </span>
     <span class='ocr_line' id='line_1_12' title="bbox 256 1400 1299 1486; baseline -0.001 -20"><span class='ocrx_word' id='word_1_84' title='bbox 256 1402 376 1486; x_wconf 92' lang='lat' dir='ltr'>plebes,</span> <span class='ocrx_word' id='word_1_85' title='bbox 399 1402 478 1466; x_wconf 91' lang='lat' dir='ltr'>nihil</span> <span class='ocrx_word' id='word_1_86' title='bbox 501 1400 642 1468; x_wconf 90' lang='lat' dir='ltr'>validum</span> <span class='ocrx_word' id='word_1_87' title='bbox 665 1402 698 1465; x_wconf 96' lang='lat' dir='ltr'>in</span> <span class='ocrx_word' id='word_1_88' title='bbox 722 1402 915 1467; x_wconf 86' lang='lat' dir='ltr'>exercitibus</span> <span class='ocrx_word' id='word_1_89' title='bbox 938 1401 1000 1467; x_wconf 91' lang='lat' dir='ltr'>nisi</span> <span class='ocrx_word' id='word_1_90' title='bbox 1023 1401 1107 1485; x_wconf 92' lang='lat' dir='ltr'>quod</span> <span class='ocrx_word' id='word_1_91' title='bbox 1122 1408 1299 1483; x_wconf 85' lang='lat' dir='ltr'>externum,</span> 
     </span>
     <span class='ocr_line' id='line_1_13' title="bbox 257 1507 442 1590; baseline -0.005 -19"><span class='ocrx_word' id='word_1_92' title='bbox 257 1507 442 1590; x_wconf 85' lang='lat' dir='ltr'>cogitarent.</span> 
     </span>
     <span class='ocr_line' id='line_1_14' title="bbox 140 1608 1301 1675; baseline 0.002 -3"><span class='ocrx_word' id='word_1_93' title='bbox 140 1608 182 1654; x_wconf 56' lang='lat'>2¹⁸</span> <span class='ocrx_word' id='word_1_94' title='bbox 342 1610 394 1674; x_wconf 85' lang='lat'>41.</span> <span class='ocrx_word' id='word_1_95' title='bbox 419 1609 515 1674; x_wconf 91' lang='lat' dir='ltr'>Haud</span> <span class='ocrx_word' id='word_1_96' title='bbox 537 1609 637 1674; x_wconf 84' lang='lat' dir='ltr'>ferme</span> <span class='ocrx_word' id='word_1_97' title='bbox 660 1610 724 1674; x_wconf 92' lang='lat' dir='ltr'>ulla</span> <span class='ocrx_word' id='word_1_98' title='bbox 747 1610 861 1675; x_wconf 89' lang='lat' dir='ltr'>civitas</span> <span class='ocrx_word' id='word_1_99' title='bbox 887 1610 1008 1674; x_wconf 88' lang='lat' dir='ltr'>intacta</span> <span class='ocrx_word' id='word_1_100' title='bbox 1034 1609 1208 1674; x_wconf 91' lang='lat' dir='ltr'>seminibus</span> <span class='ocrx_word' id='word_1_101' title='bbox 1233 1610 1301 1674; x_wconf 92' lang='lat' dir='ltr'>eius</span> 
     </span>
     <span class='ocr_line' id='line_1_15' title="bbox 101 1679 1299 1797; baseline -0.002 -18"><span class='ocrx_word' id='word_1_102' title='bbox 101 1679 223 1793; x_wconf 42' lang='lat' dir='ltr'>⁸¹¹2wa</span> <span class='ocrx_word' id='word_1_103' title='bbox 256 1720 359 1779; x_wconf 89' lang='lat' dir='ltr'>motus</span> <span class='ocrx_word' id='word_1_104' title='bbox 371 1713 444 1797; x_wconf 73' lang='lat' dir='ltr'>fuit,</span> <span class='ocrx_word' id='word_1_105' title='bbox 462 1712 519 1777; x_wconf 93' lang='lat' dir='ltr'>sed</span> <span class='ocrx_word' id='word_1_106' title='bbox 534 1733 666 1797; x_wconf 90' lang='lat' dir='ltr'>erupere</span> <span class='ocrx_word' id='word_1_107' title='bbox 682 1713 775 1797; x_wconf 91' lang='lat' dir='ltr'>primi</span> <span class='ocrx_word' id='word_1_108' title='bbox 786 1712 952 1778; x_wconf 86' lang='lat' dir='ltr'>Andecavi</span> <span class='ocrx_word' id='word_1_109' title='bbox 964 1732 1003 1778; x_wconf 89' lang='lat' dir='ltr'>ac</span> <span class='ocrx_word' id='word_1_110' title='bbox 1014 1713 1142 1778; x_wconf 81' lang='lat' dir='ltr'>Turoni.</span> <span class='ocrx_word' id='word_1_111' title='bbox 1167 1733 1299 1794; x_wconf 90' lang='lat' dir='ltr'>quorum</span> 
     </span>
     <span class='ocr_line' id='line_1_16' title="bbox 106 1815 1300 1900; baseline 0 -19"><span class='ocrx_word' id='word_1_112' title='bbox 106 1816 216 1862; x_wconf 48' lang='lat' dir='ltr'>*mim</span> <span class='ocrx_word' id='word_1_113' title='bbox 255 1816 447 1883; x_wconf 85' lang='lat' dir='ltr'>Andecavos</span> <span class='ocrx_word' id='word_1_114' title='bbox 469 1816 590 1882; x_wconf 88' lang='lat' dir='ltr'>Acilius</span> <span class='ocrx_word' id='word_1_115' title='bbox 612 1816 729 1882; x_wconf 86' lang='lat' dir='ltr'>Aviola</span> <span class='ocrx_word' id='word_1_116' title='bbox 757 1817 882 1900; x_wconf 86' lang='lat' dir='ltr'>legatus</span> <span class='ocrx_word' id='word_1_117' title='bbox 912 1818 1018 1882; x_wconf 89' lang='lat' dir='ltr'>excita</span> <span class='ocrx_word' id='word_1_118' title='bbox 1048 1815 1186 1896; x_wconf 88' lang='lat' dir='ltr'>cohorte,</span> <span class='ocrx_word' id='word_1_119' title='bbox 1219 1836 1300 1898; x_wconf 91' lang='lat' dir='ltr'>quae</span> 
     </span>
     <span class='ocr_line' id='line_1_17' title="bbox 118 1887 1301 2005; baseline -0.002 -19"><span class='ocrx_word' id='word_1_120' title='bbox 118 1887 203 1999; x_wconf 50' lang='lat' dir='ltr'>230³ss</span> <span class='ocrx_word' id='word_1_121' title='bbox 256 1919 405 2005; x_wconf 92' lang='lat' dir='ltr'>Lugduni</span> <span class='ocrx_word' id='word_1_122' title='bbox 420 1918 614 2004; x_wconf 90' lang='lat' dir='ltr'>praesidium</span> <span class='ocrx_word' id='word_1_123' title='bbox 636 1919 789 2004; x_wconf 87' lang='lat' dir='ltr'>agitabat,</span> <span class='ocrx_word' id='word_1_124' title='bbox 813 1919 959 1985; x_wconf 72' lang='lat' dir='ltr'>coercuit.</span> <span class='ocrx_word' id='word_1_125' title='bbox 991 1920 1110 1985; x_wconf 83' lang='lat' dir='ltr'>Turoni</span> <span class='ocrx_word' id='word_1_126' title='bbox 1125 1919 1301 2004; x_wconf 89' lang='lat' dir='ltr'>legionario</span> 
     </span>
     <span class='ocr_line' id='line_1_18' title="bbox 105 2023 1300 2106; baseline -0.001 -18"><span class='ocrx_word' id='word_1_127' title='bbox 105 2023 212 2077; x_wconf 63' lang='lat' dir='ltr'>trunca.</span> <span class='ocrx_word' id='word_1_128' title='bbox 255 2024 366 2104; x_wconf 91' lang='lat' dir='ltr'>milite,</span> <span class='ocrx_word' id='word_1_129' title='bbox 390 2043 484 2106; x_wconf 92' lang='lat' dir='ltr'>quem</span> <span class='ocrx_word' id='word_1_130' title='bbox 499 2023 648 2088; x_wconf 88' lang='lat' dir='ltr'>Visellius</span> <span class='ocrx_word' id='word_1_131' title='bbox 663 2023 764 2088; x_wconf 89' lang='lat' dir='ltr'>Varro</span> <span class='ocrx_word' id='word_1_132' title='bbox 786 2023 943 2089; x_wconf 89' lang='lat' dir='ltr'>inferioris</span> <span class='ocrx_word' id='word_1_133' title='bbox 963 2023 1153 2088; x_wconf 80' lang='lat' dir='ltr'>Germaniae</span> <span class='ocrx_word' id='word_1_134' title='bbox 1176 2023 1300 2105; x_wconf 92' lang='lat' dir='ltr'>legatus</span> 
     </span>
     <span class='ocr_line' id='line_1_19' title="bbox 256 2125 1299 2210; baseline -0.001 -19"><span class='ocrx_word' id='word_1_135' title='bbox 256 2127 395 2207; x_wconf 85' lang='lat' dir='ltr'>miserat,</span> <span class='ocrx_word' id='word_1_136' title='bbox 418 2126 561 2210; x_wconf 88' lang='lat' dir='ltr'>oppressi</span> <span class='ocrx_word' id='word_1_137' title='bbox 584 2126 697 2192; x_wconf 91' lang='lat' dir='ltr'>eodem</span> <span class='ocrx_word' id='word_1_138' title='bbox 720 2126 834 2191; x_wconf 81' lang='lat' dir='ltr'>Aviola</span> <span class='ocrx_word' id='word_1_139' title='bbox 857 2125 937 2191; x_wconf 89' lang='lat' dir='ltr'>duce</span> <span class='ocrx_word' id='word_1_140' title='bbox 960 2134 992 2192; x_wconf 93' lang='lat' dir='ltr'>et</span> <span class='ocrx_word' id='word_1_141' title='bbox 1015 2126 1204 2208; x_wconf 90' lang='lat' dir='ltr'>quibusdam</span> <span class='ocrx_word' id='word_1_142' title='bbox 1228 2127 1299 2191; x_wconf 78' lang='lat' dir='ltr'>Gal·</span> 
     </span>
     <span class='ocr_line' id='line_1_20' title="bbox 256 2228 1300 2315; baseline -0.001 -20"><span class='ocrx_word' id='word_1_143' title='bbox 256 2232 369 2295; x_wconf 90' lang='lat' dir='ltr'>liarum</span> <span class='ocrx_word' id='word_1_144' title='bbox 383 2230 581 2315; x_wconf 91' lang='lat' dir='ltr'>primoribus,</span> <span class='ocrx_word' id='word_1_145' title='bbox 606 2230 661 2312; x_wconf 90' lang='lat' dir='ltr'>qui</span> <span class='ocrx_word' id='word_1_146' title='bbox 683 2231 783 2295; x_wconf 92' lang='lat' dir='ltr'>tulere</span> <span class='ocrx_word' id='word_1_147' title='bbox 798 2230 962 2312; x_wconf 85' lang='lat' dir='ltr'>auxilium,</span> <span class='ocrx_word' id='word_1_148' title='bbox 986 2251 1048 2314; x_wconf 91' lang='lat' dir='ltr'>quo</span> <span class='ocrx_word' id='word_1_149' title='bbox 1064 2228 1300 2296; x_wconf 89' lang='lat' dir='ltr'>dissimularent</span> 
     </span>
     <span class='ocr_line' id='line_1_21' title="bbox 257 2333 1300 2419; baseline 0.001 -22"><span class='ocrx_word' id='word_1_150' title='bbox 257 2333 470 2399; x_wconf 88' lang='lat' dir='ltr'>defectionem</span> <span class='ocrx_word' id='word_1_151' title='bbox 492 2333 658 2418; x_wconf 85' lang='lat' dir='ltr'>magisque</span> <span class='ocrx_word' id='word_1_152' title='bbox 681 2334 715 2398; x_wconf 93' lang='lat' dir='ltr'>in</span> <span class='ocrx_word' id='word_1_153' title='bbox 737 2340 879 2419; x_wconf 88' lang='lat' dir='ltr'>tempore</span> <span class='ocrx_word' id='word_1_154' title='bbox 901 2335 1058 2401; x_wconf 87' lang='lat' dir='ltr'>efferrent.</span> <span class='ocrx_word' id='word_1_155' title='bbox 1090 2340 1252 2419; x_wconf 89' lang='lat' dir='ltr'>spectatus</span> <span class='ocrx_word' id='word_1_156' title='bbox 1268 2340 1300 2398; x_wconf 92' lang='lat' dir='ltr'>et</span> 
     </span>
     <span class='ocr_line' id='line_1_22' title="bbox 258 2437 1300 2522; baseline -0.002 -19"><span class='ocrx_word' id='word_1_157' title='bbox 258 2437 405 2504; x_wconf 83' lang='lat' dir='ltr'>Sacrovir</span> <span class='ocrx_word' id='word_1_158' title='bbox 419 2437 536 2502; x_wconf 91' lang='lat' dir='ltr'>intecto</span> <span class='ocrx_word' id='word_1_159' title='bbox 560 2437 665 2521; x_wconf 89' lang='lat' dir='ltr'>capite</span> <span class='ocrx_word' id='word_1_160' title='bbox 680 2457 821 2522; x_wconf 92' lang='lat' dir='ltr'>pugnam</span> <span class='ocrx_word' id='word_1_161' title='bbox 836 2458 893 2522; x_wconf 92' lang='lat' dir='ltr'>pro</span> <span class='ocrx_word' id='word_1_162' title='bbox 909 2438 1061 2503; x_wconf 91' lang='lat' dir='ltr'>Romanis</span> <span class='ocrx_word' id='word_1_163' title='bbox 1077 2438 1174 2518; x_wconf 91' lang='lat' dir='ltr'>ciens,</span> <span class='ocrx_word' id='word_1_164' title='bbox 1198 2443 1300 2502; x_wconf 93' lang='lat' dir='ltr'>osten-</span> 
     </span>
     <span class='ocr_line' id='line_1_23' title="bbox 256 2540 1300 2626; baseline -0.002 -20"><span class='ocrx_word' id='word_1_165' title='bbox 256 2540 384 2622; x_wconf 88' lang='lat' dir='ltr'>tandae,</span> <span class='ocrx_word' id='word_1_166' title='bbox 407 2547 442 2605; x_wconf 94' lang='lat' dir='ltr'>ut</span> <span class='ocrx_word' id='word_1_167' title='bbox 464 2541 598 2622; x_wconf 87' lang='lat' dir='ltr'>ferebat,</span> <span class='ocrx_word' id='word_1_168' title='bbox 622 2541 761 2623; x_wconf 83' lang='lat' dir='ltr'>virtutis;</span> <span class='ocrx_word' id='word_1_169' title='bbox 794 2540 851 2606; x_wconf 93' lang='lat' dir='ltr'>sed</span> <span class='ocrx_word' id='word_1_170' title='bbox 874 2541 1003 2626; x_wconf 89' lang='lat' dir='ltr'>captivi,</span> <span class='ocrx_word' id='word_1_171' title='bbox 1026 2561 1067 2606; x_wconf 90' lang='lat' dir='ltr'>ne</span> <span class='ocrx_word' id='word_1_172' title='bbox 1090 2541 1300 2606; x_wconf 89' lang='lat' dir='ltr'>incesseretur</span> 
     </span>
     <span class='ocr_line' id='line_1_24' title="bbox 257 2642 1300 2728; baseline -0.002 -18"><span class='ocrx_word' id='word_1_173' title='bbox 257 2645 337 2726; x_wconf 89' lang='lat' dir='ltr'>telis,</span> <span class='ocrx_word' id='word_1_174' title='bbox 361 2642 621 2727; x_wconf 90' lang='lat' dir='ltr'>adgnoscendum</span> <span class='ocrx_word' id='word_1_175' title='bbox 644 2663 678 2708; x_wconf 94' lang='lat' dir='ltr'>se</span> <span class='ocrx_word' id='word_1_176' title='bbox 700 2643 886 2728; x_wconf 88' lang='lat' dir='ltr'>praebuisse</span> <span class='ocrx_word' id='word_1_177' title='bbox 913 2644 1099 2728; x_wconf 88' lang='lat' dir='ltr'>arguebant.</span> <span class='ocrx_word' id='word_1_178' title='bbox 1139 2644 1300 2709; x_wconf 91' lang='lat' dir='ltr'>consultus</span> 
     </span>
     <span class='ocr_line' id='line_1_25' title="bbox 257 2745 1300 2832; baseline -0.004 -18"><span class='ocrx_word' id='word_1_179' title='bbox 257 2768 351 2832; x_wconf 92' lang='lat' dir='ltr'>super</span> <span class='ocrx_word' id='word_1_180' title='bbox 374 2767 411 2813; x_wconf 94' lang='lat' dir='ltr'>eo</span> <span class='ocrx_word' id='word_1_181' title='bbox 427 2747 573 2812; x_wconf 85' lang='lat' dir='ltr'>Tiberius</span> <span class='ocrx_word' id='word_1_182' title='bbox 595 2752 784 2830; x_wconf 88' lang='lat' dir='ltr'>aspematus</span> <span class='ocrx_word' id='word_1_183' title='bbox 807 2753 855 2813; x_wconf 91' lang='lat' dir='ltr'>est</span> <span class='ocrx_word' id='word_1_184' title='bbox 877 2745 1028 2812; x_wconf 93' lang='lat' dir='ltr'>indicium</span> <span class='ocrx_word' id='word_1_185' title='bbox 1050 2747 1192 2828; x_wconf 85' lang='lat' dir='ltr'>aluitque</span> <span class='ocrx_word' id='word_1_186' title='bbox 1212 2746 1300 2811; x_wconf 92' lang='lat' dir='ltr'>dubi-</span> 
     </span>
     <span class='ocr_line' id='line_1_26' title="bbox 256 2849 528 2915; baseline -0.011 0"><span class='ocrx_word' id='word_1_187' title='bbox 256 2851 377 2915; x_wconf 92' lang='lat' dir='ltr'>tatione</span> <span class='ocrx_word' id='word_1_188' title='bbox 400 2849 528 2914; x_wconf 92' lang='lat' dir='ltr'>bellum.</span> 
     </span>
     <span class='ocr_line' id='line_1_27' title="bbox 85 2949 1299 3065; baseline 0.001 -50"><span class='ocrx_word' id='word_1_189' title='bbox 85 2949 240 3065; x_wconf 52' lang='lat' dir='ltr'>,ffiffi</span> <span class='ocrx_word' id='word_1_190' title='bbox 343 2952 395 3017; x_wconf 82' lang='lat'>42.</span> <span class='ocrx_word' id='word_1_191' title='bbox 413 2952 543 3017; x_wconf 91' lang='lat' dir='ltr'>Interim</span> <span class='ocrx_word' id='word_1_192' title='bbox 559 2953 672 3018; x_wconf 86' lang='lat' dir='ltr'>Florus</span> <span class='ocrx_word' id='word_1_193' title='bbox 687 2953 832 3018; x_wconf 87' lang='lat' dir='ltr'>insistere</span> <span class='ocrx_word' id='word_1_194' title='bbox 848 2951 1024 3034; x_wconf 88' lang='lat' dir='ltr'>destinatis,</span> <span class='ocrx_word' id='word_1_195' title='bbox 1048 2954 1196 3037; x_wconf 87' lang='lat' dir='ltr'>pellicere</span> <span class='ocrx_word' id='word_1_196' title='bbox 1214 2953 1299 3018; x_wconf 90' lang='lat' dir='ltr'>alam</span> 
     </span>
     <span class='ocr_line' id='line_1_28' title="bbox 109 3055 1299 3141; baseline 0 -20"><span class='ocrx_word' id='word_1_197' title='bbox 109 3089 153 3134; x_wconf 71' lang='lat' dir='ltr'>nes</span> <span class='ocrx_word' id='word_1_198' title='bbox 168 3089 215 3134; x_wconf 61' lang='lat'>50,</span> <span class='ocrx_word' id='word_1_199' title='bbox 258 3055 409 3138; x_wconf 90' lang='lat' dir='ltr'>equitum,</span> <span class='ocrx_word' id='word_1_200' title='bbox 434 3075 516 3137; x_wconf 89' lang='lat' dir='ltr'>quae</span> <span class='ocrx_word' id='word_1_201' title='bbox 539 3056 717 3141; x_wconf 88' lang='lat' dir='ltr'>conscripta</span> <span class='ocrx_word' id='word_1_202' title='bbox 733 3076 750 3120; x_wconf 91' lang='lat' dir='ltr'>e</span> <span class='ocrx_word' id='word_1_203' title='bbox 765 3057 912 3122; x_wconf 79' lang='lat' dir='ltr'>lheveris</span> <span class='ocrx_word' id='word_1_204' title='bbox 934 3056 1047 3121; x_wconf 86' lang='lat' dir='ltr'>militia</span> <span class='ocrx_word' id='word_1_205' title='bbox 1068 3056 1299 3140; x_wconf 91' lang='lat' dir='ltr'>disciplinaque</span> 
     </span>
     <span class='ocr_line' id='line_1_29' title="bbox 91 3158 1298 3244; baseline 0.001 -20"><span class='ocrx_word' id='word_1_206' title='bbox 91 3158 129 3203; x_wconf 58' lang='lat' dir='ltr'>&#39;l&#39;</span> <span class='ocrx_word' id='word_1_207' title='bbox 142 3159 231 3212; x_wconf 74' lang='lat' dir='ltr'>auros.</span> <span class='ocrx_word' id='word_1_208' title='bbox 257 3164 366 3226; x_wconf 89' lang='lat' dir='ltr'>nostra</span> <span class='ocrx_word' id='word_1_209' title='bbox 380 3158 567 3240; x_wconf 87' lang='lat' dir='ltr'>habebatur,</span> <span class='ocrx_word' id='word_1_210' title='bbox 584 3166 619 3224; x_wconf 92' lang='lat' dir='ltr'>ut</span> <span class='ocrx_word' id='word_1_211' title='bbox 635 3160 736 3226; x_wconf 88' lang='lat' dir='ltr'>caesis</span> <span class='ocrx_word' id='word_1_212' title='bbox 752 3160 1000 3244; x_wconf 90' lang='lat' dir='ltr'>negotiatoribus</span> <span class='ocrx_word' id='word_1_213' title='bbox 1015 3161 1166 3226; x_wconf 88' lang='lat' dir='ltr'>Romanis</span> <span class='ocrx_word' id='word_1_214' title='bbox 1180 3161 1298 3225; x_wconf 92' lang='lat' dir='ltr'>bellum</span> 
     </span>
     <span class='ocr_line' id='line_1_30' title="bbox 257 3264 1300 3350; baseline 0.002 -22"><span class='ocrx_word' id='word_1_215' title='bbox 257 3264 425 3350; x_wconf 75' lang='lat' dir='ltr'>inciperet,</span> <span class='ocrx_word' id='word_1_216' title='bbox 456 3264 613 3349; x_wconf 90' lang='lat' dir='ltr'>paucique</span> <span class='ocrx_word' id='word_1_217' title='bbox 645 3264 785 3347; x_wconf 90' lang='lat' dir='ltr'>equitum</span> <span class='ocrx_word' id='word_1_218' title='bbox 816 3266 962 3350; x_wconf 91' lang='lat' dir='ltr'>corrupti,</span> <span class='ocrx_word' id='word_1_219' title='bbox 993 3266 1099 3350; x_wconf 89' lang='lat' dir='ltr'>plures</span> <span class='ocrx_word' id='word_1_220' title='bbox 1129 3266 1162 3329; x_wconf 93' lang='lat' dir='ltr'>in</span> <span class='ocrx_word' id='word_1_221' title='bbox 1194 3264 1300 3330; x_wconf 90' lang='lat' dir='ltr'>officio</span> 
     </span>
     <span class='ocr_line' id='line_1_31' title="bbox 257 3367 1300 3451; baseline -0.001 -18"><span class='ocrx_word' id='word_1_222' title='bbox 257 3387 412 3433; x_wconf 90' lang='lat' dir='ltr'>mansere.</span> <span class='ocrx_word' id='word_1_223' title='bbox 451 3367 538 3433; x_wconf 92' lang='lat' dir='ltr'>aliud</span> <span class='ocrx_word' id='word_1_224' title='bbox 565 3368 680 3451; x_wconf 89' lang='lat' dir='ltr'>vulgus</span> <span class='ocrx_word' id='word_1_225' title='bbox 703 3369 924 3434; x_wconf 88' lang='lat' dir='ltr'>obaeratorum</span> <span class='ocrx_word' id='word_1_226' title='bbox 946 3375 1003 3432; x_wconf 89' lang='lat' dir='ltr'>aut</span> <span class='ocrx_word' id='word_1_227' title='bbox 1024 3368 1188 3433; x_wconf 90' lang='lat' dir='ltr'>clientium</span> <span class='ocrx_word' id='word_1_228' title='bbox 1209 3388 1300 3432; x_wconf 92' lang='lat' dir='ltr'>arma</span> 
     </span>
     <span class='ocr_line' id='line_1_32' title="bbox 258 3470 1298 3556; baseline 0 -20"><span class='ocrx_word' id='word_1_229' title='bbox 258 3472 357 3556; x_wconf 71' lang='lat' dir='ltr'>cepit,</span> <span class='ocrx_word' id='word_1_230' title='bbox 380 3470 595 3555; x_wconf 86' lang='lat' dir='ltr'>petebantque</span> <span class='ocrx_word' id='word_1_231' title='bbox 618 3472 726 3552; x_wconf 90' lang='lat' dir='ltr'>saltus,</span> <span class='ocrx_word' id='word_1_232' title='bbox 750 3471 866 3554; x_wconf 92' lang='lat' dir='ltr'>quibus</span> <span class='ocrx_word' id='word_1_233' title='bbox 888 3491 1004 3537; x_wconf 89' lang='lat' dir='ltr'>nomen</span> <span class='ocrx_word' id='word_1_234' title='bbox 1019 3470 1202 3552; x_wconf 85' lang='lat' dir='ltr'>Arduenna,</span> <span class='ocrx_word' id='word_1_235' title='bbox 1227 3491 1298 3536; x_wconf 91' lang='lat' dir='ltr'>cum</span> 
     </span>
     <span class='ocr_line' id='line_1_33' title="bbox 256 3574 1299 3658; baseline 0.001 -19"><span class='ocrx_word' id='word_1_236' title='bbox 256 3575 400 3658; x_wconf 88' lang='lat' dir='ltr'>legiones</span> <span class='ocrx_word' id='word_1_237' title='bbox 422 3580 554 3657; x_wconf 90' lang='lat' dir='ltr'>utroque</span> <span class='ocrx_word' id='word_1_238' title='bbox 575 3574 617 3638; x_wconf 89' lang='lat' dir='ltr'>ab</span> <span class='ocrx_word' id='word_1_239' title='bbox 641 3574 793 3655; x_wconf 85' lang='lat' dir='ltr'>exercitu,</span> <span class='ocrx_word' id='word_1_240' title='bbox 817 3595 897 3657; x_wconf 89' lang='lat' dir='ltr'>quas</span> <span class='ocrx_word' id='word_1_241' title='bbox 918 3575 1066 3641; x_wconf 91' lang='lat' dir='ltr'>Visellius</span> <span class='ocrx_word' id='word_1_242' title='bbox 1089 3581 1122 3640; x_wconf 91' lang='lat' dir='ltr'>et</span> <span class='ocrx_word' id='word_1_243' title='bbox 1144 3577 1179 3641; x_wconf 81' lang='lat' dir='ltr'>O.</span> <span class='ocrx_word' id='word_1_244' title='bbox 1204 3575 1299 3641; x_wconf 83' lang='lat' dir='ltr'>Silius</span> 
     </span>
     <span class='ocr_line' id='line_1_34' title="bbox 256 3677 1298 3763; baseline 0.001 -21"><span class='ocrx_word' id='word_1_245' title='bbox 256 3677 401 3743; x_wconf 87' lang='lat' dir='ltr'>adversis</span> <span class='ocrx_word' id='word_1_246' title='bbox 423 3677 589 3742; x_wconf 87' lang='lat' dir='ltr'>itineribus</span> <span class='ocrx_word' id='word_1_247' title='bbox 612 3677 803 3759; x_wconf 89' lang='lat' dir='ltr'>obiecerant,</span> <span class='ocrx_word' id='word_1_248' title='bbox 826 3685 1004 3744; x_wconf 87' lang='lat' dir='ltr'>arcuerunt.</span> <span class='ocrx_word' id='word_1_249' title='bbox 1044 3678 1298 3763; x_wconf 88' lang='lat' dir='ltr'>praemissusque</span> 
     </span>
     <span class='ocr_line' id='line_1_35' title="bbox 258 3778 1299 3863; baseline 0.001 -18"><span class='ocrx_word' id='word_1_250' title='bbox 258 3800 330 3845; x_wconf 94' lang='lat' dir='ltr'>cum</span> <span class='ocrx_word' id='word_1_251' title='bbox 353 3778 478 3845; x_wconf 88' lang='lat' dir='ltr'>delecta</span> <span class='ocrx_word' id='word_1_252' title='bbox 499 3799 596 3844; x_wconf 88' lang='lat' dir='ltr'>manu</span> <span class='ocrx_word' id='word_1_253' title='bbox 618 3780 717 3846; x_wconf 92' lang='lat' dir='ltr'>lulius</span> <span class='ocrx_word' id='word_1_254' title='bbox 732 3779 831 3846; x_wconf 91' lang='lat' dir='ltr'>Indus</span> <span class='ocrx_word' id='word_1_255' title='bbox 851 3801 869 3846; x_wconf 93' lang='lat' dir='ltr'>e</span> <span class='ocrx_word' id='word_1_256' title='bbox 889 3781 1018 3847; x_wconf 84' lang='lat' dir='ltr'>civitate</span> <span class='ocrx_word' id='word_1_257' title='bbox 1034 3781 1155 3863; x_wconf 89' lang='lat' dir='ltr'>eadem,</span> <span class='ocrx_word' id='word_1_258' title='bbox 1179 3780 1299 3846; x_wconf 91' lang='lat' dir='ltr'>discors</span> 
     </span>
    </p>
   </div>
   <div class='ocr_carea' id='block_1_4' title="bbox 244 3881 1299 3970">
    <p class='ocr_par' dir='ltr' id='par_1_4' title="bbox 244 3881 1299 3970">
     <span class='ocr_line' id='line_1_36' title="bbox 244 3881 1299 3970; baseline 0.003 -24"><span class='ocrx_word' id='word_1_259' title='bbox 244 3882 345 3950; x_wconf 84' lang='lat' dir='ltr'>Floro</span> <span class='ocrx_word' id='word_1_260' title='bbox 382 3889 416 3950; x_wconf 92' lang='lat' dir='ltr'>et</span> <span class='ocrx_word' id='word_1_261' title='bbox 448 3882 490 3950; x_wconf 94' lang='lat' dir='ltr'>ob</span> <span class='ocrx_word' id='word_1_262' title='bbox 520 3881 555 3950; x_wconf 92' lang='lat' dir='ltr'>id</span> <span class='ocrx_word' id='word_1_263' title='bbox 585 3883 755 3952; x_wconf 91' lang='lat' dir='ltr'>navandae</span> <span class='ocrx_word' id='word_1_264' title='bbox 788 3904 904 3970; x_wconf 90' lang='lat' dir='ltr'>operae</span> <span class='ocrx_word' id='word_1_265' title='bbox 936 3883 1071 3967; x_wconf 86' lang='lat' dir='ltr'>avidior,</span> <span class='ocrx_word' id='word_1_266' title='bbox 1105 3884 1299 3950; x_wconf 87' lang='lat' dir='ltr'>inconditam</span> 
     </span>
    </p>
   </div>
   <div class='ocr_carea' id='block_1_5' title="bbox 0 0 1384 4214">
    <p class='ocr_par' dir='ltr' id='par_1_5' title="bbox 0 0 1384 4214">
     <span class='ocr_line' id='line_1_37' title="bbox 0 0 1384 4214; baseline 0 0"><span class='ocrx_word' id='word_1_267' title='bbox 0 0 1384 4214; x_wconf 95' lang='lat' dir='ltr'> </span> 
     </span>
    </p>
   </div>
  </div>
 </body>
</html>
