2760 4214
162 161 204 226 70
405 175 455 230 Ab
474 191 590 230 excessu
607 175 640 232 D.
653 174 780 244 Augusti
798 174 826 228 ll
845 177 957 232 52—55.

161 351 363 436 imperatoria
392 352 462 415 laus
492 350 608 434 fuerat3
639 355 735 432 atquc
765 349 828 430 hic,
861 369 955 431 quem
978 369 1196 430 memoramus,

162 456 311 521 bellorum
328 475 444 539 expers
459 453 644 520 habebatur.
669 474 706 518 eo
721 453 850 538 pronior
864 453 1010 519 liberius
1025 473 1076 519 res
1090 460 1199 537 gestas

160 558 245 643 apud
261 565 406 625 senatum
429 557 616 642 celebrarit3
640 564 672 622 ct
686 556 857 622 decrevere
872 564 979 641 patres
994 557 1198 642 triumphalia

160 662 307 747 insignia,
331 661 416 744 quod
439 661 571 727 Camillo
594 663 634 727 ob
657 647 846 726 modestiam
868 660 955 725 vitae
976 660 1107 745 impune
1126 661 1198 725 fuit.

8 867 71 920 '¹⁸¹¹‘
84 869 122 913 ’θ’
246 869 298 934 53.
323 869 467 951 Sequens
488 889 591 933 annus
613 868 776 934 liberium
805 869 940 950 tertium,
972 867 1197 935 Germanicum

0 937 136 1059 “mm
158 974 273 1039 iterum
302 973 447 1038 consules
476 971 596 1036 habuit.
635 970 693 1038 sed
715 992 789 1036 eum
810 971 963 1038 honorem
986 971 1195 1038 Germanicus

0 1074 139 1127 cesarano
158 1077 230 1141 iniit
258 1075 344 1160 apud
371 1076 482 1141 urbem
504 1075 646 1140 Achaiae
667 1076 854 1159 Nicopolim,
886 1096 948 1158 quo
977 1082 1110 1141 venerat
1140 1095 1198 1160 per

159 1180 319 1263 Illyricam
349 1200 437 1245 oram
468 1179 537 1244 viso
566 1178 663 1243 fratre
685 1180 789 1244 Druso
818 1180 852 1243 in
881 1179 1041 1244 Delmatia
1070 1187 1197 1264 agente,

160 1282 334 1348 Hadriatici
361 1303 400 1348 ac
427 1303 502 1348 mox
525 1283 607 1347 Ionii
636 1283 733 1347 maris
759 1282 927 1348 adversam
956 1283 1196 1366 navigationem

158 1407 335 1472 perpessus.
368 1387 464 1470 igitur
478 1406 597 1471 paucos
611 1385 681 1451 dies
696 1386 867 1471 insumpsit
883 1385 1074 1452 reficiendae
1090 1386 1199 1483 class‚i;

159 1492 251 1557 simul
278 1492 366 1558 sinus
388 1490 520 1556 Actiaca
542 1491 674 1556 victoria
696 1490 831 1556 inclutos
855 1496 886 1555 et
909 1498 1050 1556 sacratas
1072 1491 1114 1555 ab
1137 1492 1200 1555 Au-

158 1602 250 1679 gusto
272 1595 440 1661 manubias
463 1602 629 1677 castraque
648 1594 779 1659 Antonii
803 1615 874 1659 cum
897 1593 1113 1660 recordatione
1135 1600 1199 1659 ma‘-

158 1700 259 1764 iorum
281 1720 409 1766 suorum
433 1698 520 1764 adiit.
551 1719 689 1781 namque
705 1699 744 1779 ei,
768 1705 803 1763 ut
818 1698 1000 1780 memoravi,
1023 1700 1199 1764 avunculus

159 1804 331 1888 Augustus,
362 1823 442 1868 avus
464 1804 622 1868 Antonius
651 1808 751 1884 erant,
785 1824 966 1887 magnaque
994 1803 1059 1868 illic
1089 1803 1195 1886 imago

159 1907 293 1973 tristium
316 1908 541 1990 laetorumque.
581 1906 655 1971 hinc
677 1913 809 1972 ventum
830 1906 985 1989 Athenas,
1012 1906 1196 1989 foederique

159 2010 264 2076 sociae
286 2016 317 2075 et
340 2017 485 2076 vetustae
506 2011 594 2076 urbis
617 2009 736 2092 datum,
770 2016 805 2075 ut
827 2030 891 2075 uno
912 2011 1022 2076 lictore
1044 2017 1192 2076 uteretur.
1217 1998 1219 2002 Α

160 2133 316 2199 excepere
339 2114 453 2179 Graeci
475 2113 716 2196 quaesitissimis
738 2113 920 2196 honoribus,
948 2121 1056 2179 vetera
1071 2134 1198 2179 snorum

159 2217 246 2283 facta
276 2217 423 2299 dictaque
453 2217 680 2301 praeferentes,
712 2238 773 2300 quo
801 2218 873 2301 plus
899 2216 1094 2302 dignationis
1123 2218 1200 2282 adu-

158 2322 234 2387 latio
257 2321 397 2386 haberet.

246 2425 298 2490 54.
321 2425 426 2490 Petita
447 2423 522 2490 inde
541 2425 672 2491 Euboea
694 2424 828 2490 tramisit
843 2425 993 2507 Lesbum,
1015 2424 1071 2490 ubi
1086 2425 1198 2509 Agrip

122 2521 130 2536 ⁴
159 2529 237 2614 pina
258 2529 431 2594 novissimo
454 2537 547 2613 partu
569 2529 682 2593 Iuliam
705 2528 811 2593 edidit.
855 2535 922 2593 tum
946 2535 1088 2595 extrema
1102 2529 1198 2595 Asiae

160 2633 407 2715 Perinthumque
429 2653 468 2698 ac
489 2632 691 2716 Byzantium,
713 2632 886 2698 Thraecias
909 2634 1013 2714 urbes,
1036 2653 1111 2698 mox
1126 2632 1198 2696 Pro

159 2737 298 2822 pontidis
320 2737 485 2820 angustias
501 2743 533 2801 et
548 2757 582 2802 os
597 2737 763 2802 Ponticum
778 2738 884 2818 intrat,
908 2736 1058 2821 cupidine
1073 2742 1197 2802 veteres

159 2841 244 2906 locos
268 2846 298 2905 et
320 2840 407 2904 fama
429 2841 604 2906 celebratos
626 2841 791 2925 noscendi3
815 2842 995 2925 pariterque
1016 2841 1197 2927 provincias

160 2944 292 3008 internis
329 2943 553 3009 certaminibus
586 2951 641 3009 aut
674 2945 916 3029 magistratuum
948 2946 1070 3010 iniuriis
1096 2944 1198 3010 fessas

160 3047 332 3112 refovebat.
371 3053 467 3130 atque
496 3048 584 3113 illurn
613 3049 647 3112 in
677 3069 821 3132 regressu
846 3069 936 3114 sacra
958 3048 1198 3116 Samothracum

160 3151 263 3217 visere
285 3151 437 3217 nitentem
461 3151 547 3217 obvii
561 3153 725 3235 aquilones
741 3153 899 3236 depulere.
927 3152 1023 3237 igitur
1038 3152 1124 3219 adito
1139 3153 1197 3219 llio

160 3275 305 3338 quaeque
315 3254 361 3319 ibi
373 3255 526 3320 varietate
542 3255 688 3321 fortunae
704 3262 735 3322 et
749 3257 849 3322 nostri
865 3257 986 3340 origine
1002 3256 1194 3338 veneranda,

159 3359 271 3443 relegit
292 3360 402 3425 Asiam
424 3359 619 3444 adpellitque
643 3359 834 3444 Colophona,
865 3366 900 3424 ut
923 3360 1019 3426 Clarii
1041 3361 1197 3445 Apollinis

160 3463 284 3528 oraculo
306 3469 454 3528 uteretur.
486 3484 550 3528 non
574 3462 694 3528 femina
716 3463 789 3544 illic,
813 3469 847 3528 ut
863 3464 948 3549 apud
964 3464 1116 3549 Delphos,
1140 3464 1196 3530 sed

160 3567 253 3632 certis
268 3586 286 3631 e
301 3566 430 3632 familiis
446 3573 477 3632 et
492 3566 591 3632 ferme
606 3567 714 3633 Mileto
729 3568 850 3633 accitus
866 3567 1013 3634 sacerdos
1028 3589 1195 3633 numerum

160 3669 252 3735 modo
283 3670 528 3735 consultantium
559 3677 591 3735 et
620 3670 750 3736 nomina
772 3671 875 3757 audit3
907 3679 973 3737 tum
1003 3673 1037 3737 in
1068 3693 1198 3757 specum

155 3772 337 3857 degressus,
360 3773 475 3839 hausta
497 3773 594 3839 fontis
616 3775 724 3839 arcani
746 3795 840 3857 aqua,
863 3776 992 3860 ignarus
1012 3777 1198 3861 plerumque

158 3876 333 3943 litterarum
357 3884 388 3944 et
415 3878 591 3945 carminum
618 3877 684 3944 edit
706 3899 858 3964 responsa
880 3881 1026 3947 versibus
1046 3880 1196 3966 composi-
