2760 4214
198 167 238 231 78
441 181 490 236 Ab
510 197 627 237 excessu
644 182 678 237 D.
690 181 818 251 Augusti
836 181 865 235 II
883 184 994 238 69-73.

24 359 96 404 ncnc
113 357 179 409 3²⁰ll¹
284 358 335 422 69.
359 358 402 422 At
425 357 633 423 Germanicus
656 356 808 442 Aegypto
832 376 978 422 remeans
1001 361 1126 437 cuneta,
1157 374 1242 437 quae

55 427 152 548 ww
197 461 282 547 apud
305 463 446 546 legiones
469 467 525 525 aut
552 462 646 526 urbes
674 460 819 542 iusserat,
849 460 968 526 abolita
990 460 1043 524 vel
1063 459 1097 523 in
1121 465 1243 524 contra·

82 566 127 610 ¹¹¹¹l
198 567 278 630 rium
308 585 401 631 versa
432 565 602 647 cognoscit.
641 563 717 628 hinc
746 584 861 648 graves
890 564 924 628 in
954 564 1103 628 Pisonem
1134 569 1241 629 contu-

26 634 179 774 23:233„
198 671 321 750 meliae,
352 689 413 734 neo
435 669 540 734 minus
562 669 680 733 acerba
703 689 784 750 quae
806 671 847 734 ab
871 669 924 733 illo
947 669 979 732 in
1003 669 1173 735 Gaesarem
1195 668 1242 732 in-

43 790 165 843 ctoursec.
197 775 410 838 tentabantur.
442 771 516 837 dein
539 772 613 837 Piso
636 772 724 837 abire
747 772 840 838 Suria
863 772 980 837 statuit.
1012 792 1088 837 mox
1103 771 1241 837 adversa

198 876 380 942 Germanici
413 874 597 941 valetudine
629 875 787 957 detentus,
822 877 877 942 ubi
910 882 1086 941 recreatum
1116 873 1242 959 accepit

199 988 334 1063 votaque
365 1001 421 1065 pro
448 979 664 1045 incolumitate
693 981 907 1062 solvebantur,
937 980 1080 1045 admotas
1109 979 1240 1061 hostias,

199 1084 403 1151 sacrificalem
419 1090 618 1168 apparatum,
635 1084 750 1150 festam
766 1083 1026 1149 Antiochensium
1042 1084 1168 1168 plebem
1183 1101 1242 1166 per

198 1189 323 1254 lictores
344 1189 517 1272 proturbat.
556 1195 623 1252 tum
646 1189 823 1254 Seleuciam
847 1187 1039 1273 degreditur,
1071 1186 1242 1271 opperiens

199 1291 441 1377 aegritudinem,
465 1312 547 1373 quae
562 1311 684 1356 rursum
701 1291 889 1357 Germanico
912 1290 1082 1357 acciderat.
1110 1310 1242 1356 saevam

199 1396 265 1461 vim
295 1396 396 1461 morbi
426 1397 566 1480 augebat
597 1397 758 1479 persuasio
782 1396 898 1461 veneni
921 1417 941 1460 a
964 1396 1079 1460 Pisone
1101 1395 1241 1479 aceepti3

199 1507 232 1565 et
260 1501 499 1584 reperiebantur
532 1500 598 1565 solo
629 1521 668 1565 ao
695 1501 868 1586 parietibus
896 1508 1004 1566 erutae
1030 1500 1242 1565 humanorum

200 1624 364 1688 corporum
386 1604 548 1684 reliquiae,
573 1604 713 1667 carmina
736 1611 767 1668 et
787 1603 972 1669 devotiones
989 1610 1020 1669 et
1034 1624 1151 1668 nomen
1168 1603 1243 1668 Ger·

200 1708 317 1772 manici
340 1707 498 1791 plumbeis
520 1707 637 1772 tabulis
658 1707 861 1791 insculptum,
894 1709 1026 1773 semusti
1053 1708 1176 1772 cineres
1203 1727 1243 1772 ac

201 1811 275 1874 tabo
298 1811 387 1875 obliti
410 1811 536 1892 aliaque
552 1810 706 1891 malefica,
731 1812 801 1894 quis
817 1811 954 1876 ereditur
969 1812 1092 1876 animas
1106 1809 1243 1875 numini-

201 1914 261 1978 bus
283 1914 418 1979 insernis
441 1914 568 1978 sacrari.
608 1914 701 1979 simul
723 1916 812 1981 missi
834 1936 854 1979 a
876 1915 992 1981 Pisone
1015 1914 1243 1980 incusabantur

201 2023 236 2081 ut
257 2017 449 2082 valetudinis
472 2017 609 2084 adversa
630 2019 792 2084 rimantes.

28 2116 185 2240 baffi&
290 2121 339 2186 70.
364 2123 412 2186 Ea
427 2122 615 2188 Germanico
638 2122 723 2187 haud
746 2125 850 2188 minus
872 2125 920 2188 ira
942 2145 1036 2206 quam
1051 2144 1108 2208 per
1122 2130 1243 2188 metum

33 2257 180 2312 gamem
202 2231 343 2309 accepta.
389 2226 416 2290 si
446 2227 543 2292 limen
573 2226 780 2309 obsideretur,
815 2229 842 2293 si
871 2228 1082 2294 effundendus
1113 2228 1244 2312 spiritus

74 2328 139 2450 dds}
203 2331 261 2395 sub
296 2330 395 2394 oculis
428 2331 627 2396 inimicorum
661 2332 751 2413 foret,
787 2320 864 2414 quid
897 2332 1013 2398 deiude
1046 2332 1243 2398 miserrimae

56 2466 104 2518 roo
119 2466 153 2510 ns,
203 2433 339 2518 coniugi,
364 2433 440 2516 quid
464 2434 640 2500 infantibus
662 2436 770 2501 liberis
794 2437 1002 2501 eventurum?
1032 2438 1119 2503 lenta
1141 2435 1244 2501 videri

203 2537 371 2603 veneficia:
396 2539 547 2605 festinare
564 2546 595 2604 et
610 2560 733 2625 urgere,
757 2546 791 2605 ut
815 2541 1020 2624 provinciam,
1043 2547 1078 2606 ut
1099 2541 1244 2625 legiones

203 2642 287 2708 solus
310 2642 437 2707 habeat.
477 2642 621 2707 sednon
643 2664 743 2725 usque
766 2664 803 2709 eo
827 2643 987 2710 defectum
1007 2645 1243 2726 Germanicum,

203 2767 307 2829 neque
330 2747 472 2830 praemia
495 2747 602 2812 caedis
623 2748 710 2833 apud
730 2748 963 2814 interfectorem
979 2769 1138 2814 mansura.
1163 2768 1245 2813 com-

203 2851 293 2933 ponit
322 2850 484 2934 epistulas,
515 2851 586 2933 quis
615 2852 787 2916 amicitiam
819 2853 848 2917 ei
875 2853 1092 2936 renuntiabat3
1122 2851 1246 2916 addunt

204 2953 345 3038 plerique
375 2953 495 3018 iussum
526 2955 691 3039 provincia
720 2955 884 3022 decedere.
924 2977 983 3022 nec
1005 2957 1079 3022 Piso
1105 2962 1245 3021 moratus

205 3058 286 3121 ultra
308 3057 401 3122 navis
424 3058 527 3139 solvit,
562 3059 848 3142 moderabaturque
878 3063 1001 3153 cursui,¹
1024 3082 1086 3144 quo
1115 3061 1246 3146 propius

205 3160 433 3245 regrederetur,
457 3163 484 3226 si
506 3183 590 3228 mors
612 3164 793 3229 Germanici
817 3164 940 3230 Suriam
963 3165 1148 3249 aperuisset.

84 3265 142 3379 ἕξεί
294 3266 343 3329 71,
370 3266 488 3331 Caesar
514 3267 675 3351 paulisper
702 3266 744 3331 ad
772 3289 860 3354 spem
891 3276 1022 3353 erectus,
1054 3269 1130 3334 dein
1160 3269 1245 3335 fesso

39 3403 183 3449 ammam,
206 3390 345 3455 corpore,
381 3371 436 3435 ubi
465 3369 538 3436 finis
571 3370 692 3451 aderat,
727 3371 919 3438 adsistentes
947 3373 1067 3440 amicos
1097 3374 1131 3438 in
1160 3373 1246 3439 hunc

206 3473 334 3539 modum
357 3472 549 3555 adloquitur:
574 3467 612 3539 ‘si
627 3475 693 3540 fato
710 3475 925 3557 concederem,
949 3477 1049 3542 iustus
1065 3477 1142 3541 mibi
1158 3477 1247 3543 dolor

207 3578 303 3643 etiam
330 3576 485 3643 adversus
512 3576 588 3644 deos
616 3585 709 3660 esset,
749 3578 834 3661 quod
855 3600 907 3644 me
929 3583 1115 3664 parentibus
1137 3582 1246 3647 liberis

206 3681 327 3766 patriae
350 3681 433 3745 intra
454 3680 618 3747 iuventam
640 3689 839 3768 praematuro
863 3684 951 3748 exitu
973 3691 1130 3768 raperent.
1162 3705 1247 3751 nunc

207 3785 324 3850 scelere
347 3785 472 3850 Pisonis
502 3792 535 3851 et
555 3786 728 3852 Plancinae
756 3787 950 3871 interceptus
979 3788 1106 3854 ultimas
1135 3809 1248 3874 preces

198 3888 385 3974 pectoribus
408 3888 522 3956 vestris
544 3889 702 3974 relinquo:
726 3889 871 3956 referatis
892 3891 976 3975 patri
998 3911 1037 3957 ac
1059 3892 1159 3974 fratri,
1182 3893 1248 3974 qui·
