2760 4214
372 234 376 241 .
447 202 471 240 a.
485 186 518 241 U.
532 201 554 240 c.
568 189 627 242 785.
655 201 681 254 p.
694 183 757 238 Chr.
771 187 813 240 32.
1084 165 1146 230 175

105 361 232 429 nescius
255 358 440 445 exercendi3
464 366 532 424 tum
550 360 674 424 Taurus
695 356 848 438 Statilius,
872 377 1065 439 quamquam
1078 377 1146 441 pro

106 472 199 532 vecta
221 470 336 546 aetate,
360 465 489 548 egregie
511 464 669 548 toleravit3
693 462 768 528 dein
790 462 864 528 Piso
887 461 1067 545 quindecim
1089 481 1147 545 per

104 590 208 635 annos
223 569 342 653 pariter
356 569 516 653 probatus,
539 568 667 653 publico
690 567 801 632 funere
817 587 859 631 cx
874 565 1002 631 decreto
1017 569 1146 631 senatus

107 674 285 739 celebratus
308 679 365 737 est.

197 777 247 840 12.
270 766 417 841 Relatum
447 775 522 840 inde
551 775 594 840 ad
623 781 730 860 patres
752 796 773 839 a
795 773 990 851 Quintiliano
1020 773 1146 838 tribuno
1164 770 1320 884 accepturum

107 880 214 964 plebei
246 879 287 944 de
316 879 397 944 libro
426 879 578 960 Sibullae,
613 899 707 961 quem
735 879 888 944 Caninius
915 878 1025 943 Gallus
1058 877 1147 958 quin·
1191 908 1225 954 ea
1238 909 1293 962 m

106 983 315 1049 deoimvirum
344 982 444 1067 recipi
470 983 554 1047 inter
576 989 698 1047 ceteros
720 981 862 1047 eiusdem
885 980 968 1047 vatis
991 987 1022 1046 et
1044 1001 1083 1046 ca
1105 979 1146 1045 de
1172 979 1207 1022 ‘t‘
1220 977 1312 1032 filli&

107 1107 142 1153 rc
164 1094 293 1153 senatus
316 1088 493 1153 consultum
516 1088 740 1171 postulaverat.
771 1107 832 1168 quo
847 1106 905 1170 per
920 1085 1146 1151 discessionem

108 1190 193 1255 facto
223 1191 307 1256 misit
337 1191 457 1256 litteras
481 1191 608 1272 Caesar,
638 1189 762 1255 modice
788 1190 949 1254 tribunum
978 1189 1148 1274 increpans

108 1295 256 1379 ignarum
278 1295 400 1377 antiqui
423 1295 519 1361 moris
542 1297 582 1361 ob
606 1295 778 1359 iuventam.
810 1293 900 1359 Gallo
924 1294 1147 1378 exprobrabat,

107 1397 193 1482 quod
216 1399 369 1464 scientiae
392 1399 716 1480 caerimoniarumque
744 1403 837 1463 vetus
863 1398 983 1463 incerto
1010 1403 1148 1477 auctore,

107 1507 184 1567 ante
207 1503 398 1567 sententiam
421 1503 555 1586 collegii,
586 1522 660 1583 non,
691 1508 727 1566 ut
748 1500 880 1581 adsolet,
904 1501 984 1566 lecto
1007 1520 1065 1585 per
1086 1521 1148 1564 ma·

109 1606 225 1689 gistros
240 1606 471 1688 aestimatoque
486 1606 636 1687 carmine,
652 1604 740 1690 apud
755 1604 987 1687 infrequentem
1003 1610 1149 1670 senatum

109 1709 236 1793 egisset.
261 1709 354 1775 simul
370 1710 619 1791 commonefecit,
644 1710 719 1791 quia
733 1710 832 1774 multa
847 1729 932 1773 vana
946 1710 1005 1774 sub
1022 1708 1149 1773 nomine

111 1813 228 1879 celebri
244 1812 465 1897 vulgabantur,
489 1813 636 1878 sanxisse
650 1813 839 1896 Augustum,
856 1833 951 1895 quem
966 1813 1049 1876 intra
1065 1812 1149 1877 diem

109 1915 152 1980 ad
175 1923 352 2000 praetorem
379 1917 536 1981 urbanum
559 1915 757 1982 deferrentur
779 1936 884 1998 ncqne
906 1915 1025 1980 habere
1047 1914 1149 1999 priva·

110 2021 167 2084 tim
190 2021 307 2085 liceret.
331 2018 415 2102 quod
437 2041 458 2084 a
480 2020 652 2085 maioribus
674 2040 799 2103 quoque
818 2019 980 2085 decretum
996 2027 1064 2084 erat
1079 2027 1151 2103 post

110 2131 259 2189 exustum
290 2124 399 2190 sociali
429 2124 513 2189 bello
537 2123 738 2207 Capitolium,
770 2124 922 2207 quaesitis
945 2124 1051 2205 Samo,
1082 2123 1149 2204 llio,

110 2228 267 2311 Erythris,
298 2248 356 2312 per
377 2227 520 2292 Africam
550 2228 647 2293 etiam
676 2249 715 2293 ac
738 2229 878 2293 Siciliam
901 2234 933 2293 ct
955 2228 1083 2293 Italicas
1103 2248 1151 2293 eo·

110 2331 212 2396 lonias
242 2332 435 2396 carminibus
458 2332 608 2413 Sibullae,
640 2339 705 2397 una
727 2352 784 2397 seu
806 2332 912 2416 plures
935 2331 1033 2412 fuere,
1065 2331 1151 2396 dato·

109 2454 173 2517 que
196 2434 412 2501 sacerdotibus
442 2436 580 2519 negotio,
612 2442 765 2518 quantum
789 2435 930 2499 humana
952 2455 1012 2519 ope
1034 2434 1151 2519 potuis·

110 2546 192 2620 sent,
217 2559 294 2604 vera
316 2538 506 2606 discernere.
552 2540 649 2623 igitur
671 2546 746 2604 tunc
770 2559 895 2621 quoque
918 2538 1039 2604 notioni
1063 2539 1150 2620 quin-

110 2641 319 2707 decimvirum
341 2643 368 2708 is
391 2642 472 2707 liber
494 2643 658 2709 subicitur.

201 2746 250 2811 13.
274 2746 381 2811 Isdem
404 2747 586 2813 consulibus
608 2747 765 2830 gravitate
788 2766 935 2811 annonae
957 2746 1049 2810 iuxta
1071 2745 1151 2811 sedi·
1188 2732 1311 2852 322⁰}ss

111 2849 230 2914 tionem
260 2856 401 2931 ventum,
432 2852 594 2933 multaque
618 2857 649 2915 et
672 2852 777 2934 plures
801 2871 859 2934 per
880 2849 949 2915 dies
971 2851 1004 2914 in
1027 2849 1151 2915 theatro
1190 2818 1306 2929 seierus.

111 2953 257 3018 licentius
272 2952 458 3038 efflagitata,
484 2976 579 3037 quam
594 2955 721 3020 solitum
735 2953 905 3019 adversum
920 2955 1150 3037 imperatorem.
1197 2946 1220 2991 ¹¹¹
1234 2946 1299 2990 anm.

111 3057 184 3140 quis
218 3064 392 3124 commotus
425 3058 584 3124 incusavit
616 3059 820 3143 magistratus
853 3066 1033 3143 patresque,
1068 3058 1153 3140 quod

111 3182 176 3226 non
199 3162 327 3246 publica
350 3163 537 3228 auctoritate
556 3164 707 3247 populum
723 3163 943 3247 coercuissent,
966 3161 1152 3244 addiditque

113 3267 228 3348 quibus
252 3287 294 3332 ex
316 3267 488 3350 provinciis
512 3274 543 3331 et
567 3273 684 3350 quanto
707 3267 859 3332 maiorem
880 3288 976 3349 quam
990 3267 1153 3350 Augustus

111 3370 158 3435 rei
173 3370 400 3436 frumentariae
416 3371 539 3455 copiam
559 3370 752 3436 advectaret.
775 3371 821 3435 ita
844 3368 1049 3454 castigandae
1068 3369 1153 3453 plebi

112 3475 321 3558 compositum
344 3480 474 3540 senatus
496 3475 673 3541 consultum
702 3475 809 3558 prisca
840 3473 1017 3553 severitate,
1049 3493 1153 3555 neque

115 3577 244 3661 segnius
267 3579 412 3643 consules
435 3577 576 3643 edixere.
601 3578 763 3643 silentium
784 3577 884 3661 ipsius
906 3595 969 3639 non
993 3575 1095 3657 civile,
1118 3582 1153 3640 ut
1210 3567 1214 3576 ’

114 3680 301 3762 crediderat,
325 3681 438 3747 sedin
461 3682 643 3766 superbiam
665 3682 889 3766 accipiebatur.

203 3785 253 3849 14.
277 3784 358 3851 Fine
380 3785 456 3850 anni
479 3785 653 3867 Geminius,
684 3786 806 3866 Celsus,
830 3782 1008 3867 Pompeius,
1032 3783 1154 3865 equites
1172 3776 1234 3820 Μ’
1249 3774 1330 3818 Μ’·

113 3888 259 3969 Romani,
275 3889 419 3956 cecidere
435 3889 661 3956 coniurationis
677 3889 824 3973 crimine,
846 3907 891 3953 cn
903 3886 978 3970 quis
990 3885 1164 3951 Geminins
1188 3846 1308 3896 “uum
