2760 4214
449 202 473 239 a.
487 186 519 241 U.
532 201 555 240 e.
569 188 628 241 776.
652 203 678 255 p.
692 185 755 240 Chr.
768 189 810 242 23.
1088 171 1148 236 129

111 356 271 423 ministros
294 365 375 442 erat,
404 358 520 424 deinde
542 359 626 425 inter
649 361 791 426 conscios
814 360 869 425 ubi
892 361 979 427 locus
1002 362 1148 427 veneficii

110 466 298 545 tempusque
328 462 493 546 conposita
523 463 596 544 sint,
632 484 670 528 eo
699 463 854 529 audaciae
883 471 1078 548 provectum,
1114 472 1149 530 ut

112 569 248 628 verteret
282 571 314 629 et
347 566 469 631 occulto
499 565 616 631 indicio
646 567 786 632 Drusum
816 568 933 632 veneni
962 568 995 632 in
1025 575 1148 652 patrem

110 686 248 749 arguens
285 675 426 734 moneret
454 669 625 750 Tiberium,
663 670 828 735 vitandam
858 671 1027 756 potionem,
1065 692 1148 753 quae

109 770 211 854 prima
233 772 262 836 ei
285 772 371 856 apud
393 772 492 836 filium
516 774 656 857 epulanti
679 775 852 839 offerretur.
882 794 920 839 ea
942 774 1054 840 fraude
1077 795 1147 859 oap-

110 878 177 937 tum
200 894 318 956 senem,
348 882 515 959 postquam
543 877 725 941 convivium
748 878 872 960 inierat,
903 886 1073 964 exceptum
1096 899 1148 965 po-

111 976 214 1041 culum
236 979 341 1044 Drusc
371 979 554 1064 tradidisse3
584 987 681 1063 atque
702 981 757 1045 illo
779 982 891 1065 ignaro
914 989 946 1047 et
968 982 1148 1048 iuveniliter

109 1078 274 1147 hauriente
296 1089 421 1148 auctam
445 1084 665 1168 suspicionem,
688 1091 850 1167 tamquam
873 1091 958 1151 metu
982 1092 1014 1151 et
1028 1086 1149 1170 pudore

111 1183 237 1249 sibimet
259 1186 419 1270 inrogaret
442 1194 584 1269 mortem,
608 1208 703 1270 quam
728 1190 810 1272 patri
834 1195 1002 1255 struxerat.

198 1290 246 1354 11.
270 1290 358 1354 Haec
381 1291 476 1375 vulgo
498 1291 616 1356 iactata
638 1312 734 1376 super
755 1291 797 1373 id,
821 1292 905 1375 quod
920 1294 1005 1357 nullo
1020 1300 1148 1359 auctore

1206 1291 1282 1344 uentu

1202 1360 1285 1406 witru

109 1398 194 1457 certo
217 1393 390 1474 firmantur,
413 1401 558 1478 prompte
581 1395 777 1461 refutaveris.
809 1396 880 1478 quis
896 1397 981 1460 eninr
997 1396 1149 1463 mediocri
1198 1429 1287 1483 pm

108 1497 285 1583 prudentia,
318 1497 435 1562 nedum
469 1499 615 1564 Tiberius
648 1500 746 1564 tantis
778 1499 873 1564 rebus
903 1501 1073 1584 exercitus,
1104 1501 1148 1565 in·

109 1600 216 1665 audito
239 1599 303 1665 filio
327 1601 459 1665 exitium
482 1602 618 1683 offerret,
642 1602 738 1685 idque
761 1623 819 1668 sua
841 1623 935 1668 manu
959 1615 991 1667 et
1006 1603 1091 1668 nullo
1107 1603 1149 1668 ad

106 1703 333 1787 paenitendum
367 1706 536 1787 regressu?
574 1706 649 1788 quin
684 1707 789 1790 potius
819 1706 997 1771 ministrum
1030 1708 1147 1772 veneni

107 1807 312 1888 excruciaret,
335 1813 496 1872 auctorem
519 1810 708 1890 exquireret,
731 1810 828 1874 insita
843 1809 981 1892 denique
1001 1810 1096 1874 etiam
1113 1811 1146 1875 in

106 1917 276 1975 extraneos
298 1912 498 1976 cunctatione
522 1917 554 1976 et
575 1933 663 1978 mora
685 1912 854 1978 adversum
877 1913 1006 1978 unicum
1030 1920 1061 1978 et
1080 1914 1146 1978 nul-

106 2013 166 2078 lius
189 2019 263 2078 ante
285 2013 399 2097 flagitii
422 2022 606 2099 conpertum
628 2016 790 2080 uteretur?
824 2016 882 2082 sed
915 2017 989 2099 quia
1012 2017 1147 2083 Seianus

106 2116 279 2181 facinorum
303 2117 442 2182 omnium
465 2125 605 2202 repertor
628 2118 814 2201 habebatur,
838 2140 879 2184 ex
900 2121 999 2185 nimia
1015 2121 1146 2186 caritate

105 2220 137 2282 in
162 2240 233 2284 eum
258 2221 402 2286 Caesaris
425 2227 457 2285 et
480 2228 653 2286 ceterorum
674 2222 708 2286 in
731 2229 898 2305 utrumque
913 2223 985 2289 odio
1002 2225 1146 2306 quamvis

105 2323 250 2389 fabulosa
273 2329 304 2387 et
327 2324 478 2389 immania
501 2324 719 2407 credebantur,
742 2326 896 2392 atrociore
919 2347 1044 2411 semper
1059 2327 1145 2392 fama

106 2445 181 2509 erga
204 2425 433 2492 dominantium
456 2429 569 2494 exitus.
604 2429 681 2495 ordo
703 2431 819 2511 alioqui
843 2430 970 2495 sceleris
993 2450 1050 2514 per
1071 2432 1144 2515 Api·

105 2537 208 2594 catam
232 2530 339 2595 Seiani
362 2530 503 2616 proditus
526 2533 690 2597 tormentis
713 2532 846 2598 Eudemi
869 2553 908 2598 ac
930 2532 1036 2617 Lygdi
1059 2541 1144 2616 pate·

104 2632 207 2698 factus
223 2640 279 2698 est.
311 2654 414 2717 neque
438 2636 604 2717 quisquam
626 2636 758 2719 scriptor
781 2643 845 2700 tam
868 2635 1012 2701 infensus
1029 2637 1142 2718 extitit,

105 2744 138 2801 ut
160 2737 288 2803 Tiberio
318 2737 499 2819 obiectaret,
531 2759 602 2803 cum
633 2740 739 2804 omnia
768 2739 831 2804 alia
854 2739 1078 2822 conquirerent
1099 2740 1143 2804 in·

103 2840 341 2923 tendereutque.
380 2841 458 2906 mihi
480 2842 626 2907 tradendi
649 2842 865 2927 arguendique
888 2842 1021 2908 rumoris
1048 2862 1144 2908 causa

104 2943 173 3024 fuit,
204 2951 239 3008 ut
266 2944 348 3010 claro
378 2945 437 3010 sub
461 2947 607 3030 exemplo
630 2947 728 3012 falsas
750 2946 929 3012 auditiones
952 2946 1142 3031 depellerem

103 3054 307 3131 peteremque
329 3051 371 3114 ab
394 3049 443 3130 iis,
467 3070 598 3132 quorum
618 3051 649 3114 in
666 3071 779 3115 manus
795 3070 870 3115 cura
885 3057 993 3115 nostra
1008 3050 1141 3132 venerit,

102 3173 143 3217 ne
166 3152 330 3236 divulgata
351 3159 447 3235 atque
470 3153 668 3219 incredibilia
682 3153 777 3219 avide
791 3160 924 3238 accepta
938 3153 1023 3218 veris
1038 3173 1142 3235 neque

102 3257 135 3320 in
158 3257 341 3322 miraculum
366 3258 519 3341 corruptis
541 3255 765 3321 antehabeant.

147 3426 153 3433 .
193 3360 239 3423 12.
267 3361 412 3426 Ceterum
440 3358 591 3426 laudante
614 3360 712 3424 filium
735 3380 792 3444 pro
814 3359 922 3424 rostris
944 3360 1072 3424 Tiberio
1096 3380 1141 3425 se·
1189 3359 1288 3404 &blut

1184 3428 1239 3481 tuat
1254 3429 1287 3473 tte

101 3468 194 3528 natus
216 3464 414 3547 populusque
437 3461 580 3528 habitum
595 3485 634 3528 ac
649 3483 744 3529 voces
759 3463 923 3530 dolentum
940 3463 1141 3528 simulatione
1175 3497 1299 3551 acriusne

101 3567 203 3651 magis
233 3588 328 3649 quam
358 3567 461 3633 libens
487 3566 648 3648 induebat,
680 3567 870 3651 domumque
892 3567 1073 3632 Germanici
1095 3587 1141 3631 re·
1182 3568 1226 3610 πη»
1241 3566 1287 3619 itte

101 3671 258 3736 virescere
281 3672 394 3736 occulti
416 3672 625 3736 laetabantur.
654 3671 739 3754 quod
761 3671 952 3756 principium
976 3670 1093 3735 favoris
1109 3679 1141 3735 et

1198 3633 1273 3688 &dtur

1221 3713 1246 3758 pr

100 3781 201 3839 mater
212 3775 390 3858 Agrippina
401 3794 489 3858 spem
502 3775 584 3839 male
596 3780 708 3858 tegens
719 3775 891 3860 perniciem
907 3774 1138 3840 adceleravere.
1158 3771 1312 3827 cerasorum.

100 3898 174 3942 nam
197 3879 332 3944 Seianus
358 3878 413 3942 ubi
440 3877 528 3943 videt
550 3884 683 3943 mortem
707 3880 806 3945 Drusi
831 3878 974 3944 inultam
996 3878 1150 3941 intertec-

151 3989 244 4033 accareu
257 3989 293 4032 bed
304 3989 398 4035 lucitus.
412 3990 430 4032 l.
452 3990 492 4045 (Θ.
502 3990 590 4049 &stuttg
602 3990 628 4036 iu
639 3991 734 4050 ltipqlqb
1047 3982 1069 4026 ³3
