2760 4214
463 184 488 223 a.
505 168 535 224 u.
549 184 571 223 c.
586 170 692 236 777777.
720 183 746 235 p.
760 167 824 222 our.
839 172 882 235 iq
901 171 926 224 a.
1172 148 1212 213 71

173 342 215 409 tis
237 362 332 428 super·
352 344 456 424 rebus,
485 363 565 426 quas
588 343 659 426 quis
681 350 789 408 mente
811 343 966 427 concepit.
1002 348 1034 406 et
1053 341 1215 407 ferebatur

172 447 360 513 Germanico
382 467 440 532 per
463 450 625 532 ambages,
649 455 684 513 ut
706 468 775 512 mos
798 445 942 527 oraculis,
970 452 1127 511 maturum
1151 444 1215 510 exi-

172 550 251 616 tium
275 551 439 617 cecinisse.

260 655 310 719 55.
327 655 370 719 At
386 657 442 720 On.
457 656 540 737 Piso,
557 676 619 738 quo
635 656 858 740 properantius
874 654 1035 719 destinata
1050 653 1212 737 inciperet,
1254 667 1363 721 serrula

171 758 333 824 civitatem
355 759 599 824 Atheniensium
630 758 756 825 turbido
785 760 913 824 incessu
941 759 1124 824 exterritam
1147 777 1213 821 ora·
1245 736 1372 858 ,maz

170 863 257 929 tione
280 882 378 929 saeva
400 863 553 948 increpat,
586 862 714 945 oblique
736 862 961 928 Germanicum
984 861 1212 946 perstringens,
1245 874 1372 928 77777777.

170 967 256 1051 quod
279 973 389 1032 contra
411 966 507 1033 decus
529 968 665 1032 Romani
688 967 827 1032 nominis
850 988 915 1032 non
938 966 1152 1032 Athenienses
1167 970 1214 1030 777

171 1071 314 1136 cladibus
342 1072 509 1152 extinctos,
541 1070 598 1136 sed
621 1071 800 1137 conluviem
823 1071 910 1135 illam
934 1071 1098 1135 nationum
1122 1070 1214 1135 comi-

169 1181 236 1240 tate
258 1175 357 1239 nimia
379 1175 540 1239 coluisset:
564 1175 623 1239 hos
646 1175 730 1239 enim
756 1195 826 1240 esse
845 1173 1038 1239 Mithridatis
1060 1173 1214 1239 adversus

170 1279 300 1359 Sullam,
322 1278 454 1342 Antonii
477 1277 631 1344 adversus
654 1278 762 1344 divum
778 1279 958 1362 Augustum
982 1278 1093 1343 socios.
1118 1277 1214 1343 etiam

169 1389 280 1448 vetera
309 1382 499 1463 oblectabat,
531 1402 613 1464 quae
643 1383 676 1447 in
702 1381 895 1447 Macedones
925 1382 1119 1466 inprospere,
1149 1382 1213 1446 vio

168 1487 272 1551 lenter
300 1487 333 1550 in
362 1506 435 1551 suos
464 1486 625 1567 fecissent,
656 1487 796 1551 offensus
826 1486 896 1551 urbi
929 1486 1056 1570 propria
1087 1505 1213 1567 quoque

168 1590 225 1672 ira,
256 1589 332 1672 quia
352 1589 565 1674 Theophilum
597 1590 757 1672 quendam
780 1591 864 1655 Areo
890 1589 1008 1655 iudicio
1031 1589 1104 1654 falsi
1127 1589 1212 1654 dam-

169 1701 280 1759 natum
303 1695 451 1778 precibus
474 1695 539 1759 suis
562 1716 626 1758 non
651 1694 871 1759 concederent.
897 1695 983 1760 exim
1006 1693 1211 1777 navigatione

169 1799 264 1863 celeri
286 1819 344 1882 per
367 1798 524 1882 Cycladas
548 1805 580 1863 77
602 1798 791 1882 compendia
813 1799 909 1864 maris
932 1798 1118 1880 adsequitur
1137 1798 1211 1863 Ger-

169 1902 328 1967 manicum
358 1901 443 1985 apud
474 1903 610 1967 insulam
633 1901 789 1983 Rhodum,
820 1901 906 1966 haud
929 1903 1072 1967 nescium
1096 1902 1210 1984 quibus

168 2005 431 2071 insectationibus
446 2006 563 2090 petitus
579 2007 673 2071 foret:
698 2005 753 2071 sed
774 2012 864 2070 tanta
879 2006 1123 2072 mansuetudine
1138 2026 1210 2091 age·

166 2109 232 2190 bat,
263 2115 308 2190 ut,
341 2129 412 2173 cum
442 2117 512 2173 orta
534 2116 707 2194 tempestas
729 2116 856 2194 raperet
878 2110 910 2174 in
934 2111 1070 2194 abrupta
1092 2116 1209 2194 posset·

169 2231 231 2294 que
253 2212 399 2277 interitus
421 2212 541 2278 inimici
564 2213 604 2277 ad
634 2234 742 2279 casum
769 2213 889 2295 referri,
920 2214 1040 2280 miserit
1062 2214 1208 2295 triremis,

169 2335 302 2396 quarum
336 2316 477 2382 subsidio
511 2316 686 2382 discrimini
720 2318 920 2383 eximeretur.
966 2338 1082 2401 neque-
1100 2325 1208 2383 tamen

168 2419 329 2502 mitigatus
352 2419 426 2485 Piso
449 2426 481 2484 et
503 2422 560 2485 vix
583 2421 646 2486 diei
669 2442 790 2486 moram
813 2441 982 2505 perpessus
1004 2422 1119 2504 linquit
1135 2422 1208 2487 Ger-

168 2523 328 2587 manicum
351 2525 589 2608 praevenitque.
615 2532 646 2590 et
668 2533 835 2609 postquam
859 2526 984 2591 Suriam
1007 2546 1045 2590 ac
1067 2525 1209 2608 legiones

168 2627 281 2711 attigit,
307 2628 482 2712 largitione,
506 2629 637 2710 ambitu,
660 2630 786 2695 infimos
800 2629 1043 2712 manipularium
1059 2627 1208 2709 iuvando,

168 2750 240 2794 cum
263 2737 388 2797 veteres
411 2733 620 2814 centuriones,
644 2754 772 2799 severos
794 2733 938 2798 tribunos
961 2732 1146 2811 demoveret
1166 2733 1208 2795 lo-

167 2853 269 2915 caque
299 2856 407 2901 eorum
439 2836 607 2902 clientibus
631 2838 696 2902 suis
719 2838 770 2902 771
793 2836 962 2903 deterrimo
986 2837 1099 2919 cuique
1122 2837 1207 2900 attri-

166 2938 287 3019 bueret,
311 2938 467 3003 desidiam
489 2940 523 3004 in
546 2941 668 3022 castris,
691 2940 852 3006 licentiam
876 2942 909 3005 in
924 2941 1065 3022 urbibus,
1090 2961 1207 3025 vagum

166 3060 205 3104 ac
226 3042 446 3108 lascivientem
468 3065 526 3127 per
548 3065 643 3128 agros
665 3044 798 3109 militem
822 3045 949 3127 sineret,
973 3066 1011 3125 eo
1027 3065 1128 3128 usque
1143 3065 1206 3110 cor-

166 3144 321 3227 ruptionis
336 3153 504 3231 provectns
520 3154 576 3229 est,
600 3156 635 3212 ut
651 3168 796 3214 sermone
812 3149 899 3232 vulgi
915 3169 1030 3232 parens
1045 3150 1206 3234 legionum

166 3247 344 3314 haberetur.
368 3270 429 3315 nec
443 3252 598 3316 Plancina
612 3272 647 3318 se
670 3253 754 3317 intra
776 3252 892 3318 decora
914 3253 1042 3318 feminis
1065 3254 1205 3333 tenebat,

166 3350 223 3417 sed
246 3355 396 3418 exercitio
420 3356 570 3437 equitum,
594 3356 779 3422 decursibus
795 3357 969 3422 cohortium
985 3358 1149 3437 interesse,
1172 3356 1205 3419 in

165 3456 384 3540 Agrippinam,
407 3459 440 3523 in
464 3460 688 3525 Germanicum
712 3462 920 3526 contumelias
942 3461 1056 3542 iacere,
1079 3461 1206 3543 quibus-

166 3558 240 3623 dam
263 3561 358 3626 etiam
381 3564 532 3627 bonorum
555 3565 689 3629 militnm
711 3564 754 3629 ad
773 3565 858 3628 mala
873 3565 1026 3647 obsequia
1041 3564 1204 3649 promptis,

165 3662 249 3744 quod
272 3663 358 3728 haud
381 3666 480 3731 invito
504 3667 694 3750 imperatore
718 3688 756 3733 ea
778 3668 846 3733 lieri
870 3670 1010 3733 occultus
1033 3689 1138 3733 rumor
1160 3669 1204 3732 in-

165 3765 307 3831 cedebat.
351 3776 427 3833 nota
461 3769 541 3835 baec
571 3770 769 3853 Germanico,
803 3771 860 3837 sed
889 3773 1047 3856 praeverti
1077 3771 1119 3836 ad
1148 3773 1204 3836 Ar·

164 3870 286 3935 menios
308 3871 475 3939 instantior
497 3895 573 3939 cura
594 3873 664 3940 fuit.
