2760 4214
505 148 685 207 auctos.
712 149 871 218 pennus.
1166 133 1207 199 57

164 322 360 386 internuntio
383 342 543 388 sermones
567 343 753 388 commeare.
790 329 886 407 atque
908 325 1035 389 interim
1054 324 1209 390 Libonem

164 431 258 490 omat
279 432 436 511 praetura,
460 427 658 492 convictibus
680 426 821 509 adhibet,
844 448 908 493 non
931 428 1020 493 vultu
1042 429 1208 510 alienatus,

167 549 232 593 non
255 530 361 595 verbis
385 530 580 596 commotior:
604 530 685 594 adeo
708 531 788 594 iram
811 531 1009 616 condiderat;
1034 537 1209 614 cunctaque

167 633 236 697 eius
259 630 344 697 dieta
365 632 523 715 factaque,
548 653 619 698 eum
641 634 809 718 prohibere
824 641 940 719 posset,
964 635 1044 700 scire
1060 635 1208 715 malebat,

164 735 270 801 donec
285 737 395 802 Iunius
418 736 557 819 quidam,
581 743 754 823 temptatus
776 746 811 803 ut
833 739 974 805 infernas
997 740 1125 805 umbras
1146 759 1209 805 car-

168 839 307 905 minibus
330 841 466 922 eliceret,
490 839 532 905 ad
547 841 726 906 Fulcinium
740 843 889 909 Trionem
911 842 1063 908 indicium
1086 842 1208 909 detulit.

167 944 293 1008 celebre
315 945 396 1009 inter
418 951 619 1010 accusatores
642 947 770 1011 Trionis
791 947 956 1031 ingenium
979 953 1046 1012 erat
1068 945 1209 1011 avidum·

169 1067 231 1129 que
261 1048 366 1113 famae
396 1049 508 1112 malae.
547 1049 654 1113 statim
677 1051 804 1134 corripit
825 1072 924 1132 reum,
955 1050 1023 1115 adit
1053 1051 1209 1131 consules,

166 1152 404 1235 congnitionem
427 1159 558 1218 senatus
580 1153 691 1237 poscit.
730 1160 762 1218 ct
784 1160 939 1219 vocantur
960 1160 1076 1238 patres,
1100 1153 1209 1219 addito

166 1255 412 1321 consultandum
434 1277 530 1340 super
552 1276 585 1321 re
608 1278 726 1341 magna
748 1265 779 1322 et
801 1259 909 1323 atroci.

257 1358 568 1425 carnuntum
597 1367 687 1426 veste
717 1368 838 1426 mutata
865 1383 937 1427 cum
958 1362 1148 1446 primoribus
1170 1367 1211 1426 fe·
1237 1357 1371 1471 &xm

167 1463 264 1527 minis
287 1463 450 1528 circumire
473 1462 593 1545 domos,
624 1485 713 1529 orare
743 1465 876 1547 adfines,
907 1485 1019 1531 vocem
1041 1466 1211 1530 adversum
1246 1495 1302 1547 prm
1316 1495 1368 1540 aas

167 1567 310 1648 pericula
330 1586 470 1650 poscere,
493 1568 707 1634 abnuentibus
730 1570 862 1650 cunctis
887 1590 959 1633 cum
982 1569 1109 1634 diversa
1123 1589 1210 1653 prae·
1244 1565 1364 1619 retorsum.

171 1667 347 1751 tenderent,
371 1669 484 1736 eadem
506 1671 682 1737 formidine.
719 1672 771 1739 die
794 1680 922 1738 senatus
944 1679 1031 1738 metu
1054 1678 1086 1737 et
1112 1673 1210 1756 aegri-

170 1773 281 1842 tudine
303 1774 416 1856 fessuS,
440 1777 518 1857 sive,
542 1782 577 1840 ut
592 1776 750 1840 tradidere
766 1777 904 1859 quidam,
928 1776 1075 1841 simulato
1091 1776 1209 1857 morbo,

169 1878 283 1943 lectica
306 1879 429 1945 delatus
451 1878 494 1944 ad
515 1879 600 1946 fores
623 1881 728 1945 curiae
744 1881 930 1963 innisusque
944 1880 1034 1945 fratri
1050 1886 1082 1945 et
1097 1900 1211 1944 manus

169 2003 210 2047 ao
239 1984 397 2068 supplices
427 2004 522 2049 voces
551 1983 595 2048 ad
623 1985 785 2049 Tiberium
819 1983 954 2050 tendens
983 1985 1112 2048 immoto
1143 1984 1211 2048 eius

171 2086 261 2151 vultu
284 2088 449 2171 excipitur.
494 2108 569 2152 mox
592 2088 715 2153 libellos
738 2094 770 2153 et
792 2095 936 2154 auctores
958 2088 1070 2153 recitat
1093 2088 1212 2153 Caesar

171 2190 216 2254 ita
238 2191 415 2273 moderans,
439 2212 479 2256 ne
502 2192 601 2257 lenire
623 2213 706 2257 neve
729 2213 877 2276 asperare
893 2193 1025 2257 crimina
1040 2191 1210 2256 videretur.

258 2294 309 2359 30.
333 2296 542 2362 Accesserant
572 2303 698 2380 praeter
719 2297 868 2362 Trionem
891 2304 923 2362 et
945 2297 1059 2362 Catum
1086 2315 1212 2360 accusa·

171 2405 256 2464 tores
271 2400 422 2465 Fonteius
437 2401 581 2484 Agrippa
595 2406 627 2465 et
643 2401 678 2466 Ο.
692 2401 814 2481 Vibius,
838 2401 1065 2481 certabantque
1089 2398 1140 2462 cui
1162 2398 1212 2462 ins

172 2503 342 2588 perorandi
364 2505 397 2568 in
420 2525 509 2569 reum
531 2503 670 2584 daretur,
701 2503 804 2569 donec
818 2504 940 2584 Vibius,
972 2504 1047 2585 quia
1069 2523 1128 2566 nec
1150 2501 1211 2585 ipsi

111 2594 120 2609 '
172 2608 254 2673 inter
287 2628 321 2673 se
355 2608 566 2674 concederent
599 2614 631 2673 et
658 2608 738 2673 Libo
772 2608 841 2672 sine
874 2613 1008 2692 patrono
1041 2605 1211 2685 introisset,

172 2711 357 2795 singillatim
384 2732 419 2777 se
447 2711 579 2776 erimina
605 2711 802 2776 obiecturum
828 2710 998 2795 professus,
1022 2707 1157 2794 'protulit
1178 2707 1213 2770 li·

172 2815 271 2880 bellos
286 2815 459 2882 vaecordes
472 2815 565 2897 adeo,
587 2821 622 2880 ut
638 2814 863 2880 consultaverit
877 2814 967 2895 Libo,
991 2834 1033 2878 an
1048 2812 1213 2878 habiturus

172 2918 255 2984 foret
269 2940 355 3004 opes,
380 2921 450 3003 quis
473 2920 559 2985 viam
574 2919 713 3004 Appiam
728 2917 932 2983 Brundisium
954 2938 1054 3000 usque
1076 2915 1214 3002 pecunia

172 3024 317 3108 operiret.
356 3024 482 3089 inerant
511 3031 543 3088 et
572 3024 636 3088 alia
662 3022 794 3087 huiusce
816 3021 902 3087 modi
924 3021 1039 3087 stolida
1061 3041 1155 3101 vana,
1186 3020 1213 3085 si

173 3127 299 3192 mollius
321 3129 492 3211 acciperes,
523 3125 712 3192 miseranda.
750 3145 814 3190 uno
844 3132 952 3190 tamen
981 3124 1087 3191 libello
1116 3144 1214 3188 manu

173 3230 305 3296 Libonis
335 3231 515 3297 nominibus
539 3231 712 3296 Caesarum
726 3235 782 3293 aut
798 3236 979 3294 senatorum
993 3226 1120 3292 additas
1133 3234 1214 3292 atro·

172 3354 226 3400 ces
249 3336 301 3399 vel
323 3336 462 3400 occultas
484 3341 576 3400 notas
604 3339 768 3398 accusator
789 3333 952 3416 arguebat.
998 3336 1137 3415 negante
1159 3350 1214 3395 reo

173 3437 406 3523 adgnoscentes
428 3460 537 3505 servos
560 3459 618 3524 per
640 3444 796 3502 tormenta
817 3436 1004 3520 interrogari
1027 3435 1153 3519 placuit.
1183 3439 1214 3499 et

175 3543 250 3625 quia
280 3550 388 3608 vetere
418 3548 548 3608 senatus
580 3542 723 3607 consulto
753 3540 897 3622 quaestio
919 3540 953 3602 in
976 3544 1071 3622 caput
1095 3537 1214 3602 domini

174 3646 409 3731 prohibebatur,
444 3646 576 3711 callidus
611 3652 642 3710 et
675 3645 751 3710 novi
784 3643 862 3708 iuris
895 3648 1036 3727 repertor
1069 3642 1215 3706 Tiberius

174 3750 349 3834 mancipari
372 3750 513 3833 singulos
535 3749 633 3814 actori
656 3748 782 3832 publico
805 3747 902 3828 iubet,
926 3746 1046 3812 seilicet
1068 3751 1103 3810 ut
1118 3745 1152 3809 in
1166 3746 1215 3810 Li-

175 3854 291 3919 bonem
313 3874 354 3919 ex
379 3855 479 3919 servis
502 3854 590 3919 salvo
613 3858 743 3919 senatus
766 3851 908 3918 consulto
930 3858 1153 3934 quaereretur.
1180 3851 1226 3913 ds
