2760 4214
507 185 531 222 a.
545 169 577 224 U.
591 184 614 226 6.
628 172 686 226 768.
714 186 740 238 p.
754 168 816 223 Chr.
831 172 871 225 15.
1163 155 1205 219 33

258 341 309 408 69.
326 345 427 407 Fama
439 342 538 408 dediti
553 343 754 428 benigneque
771 344 896 428 excepti
909 343 1050 428 Segestis
1066 346 1205 430 vulgata,
1236 346 1350 428 ²13¹¹¹¹¹¹¹¹¹⁶

171 454 206 511 ut
229 448 405 530 quibusque
428 448 544 512 bellum
566 448 675 513 invitis
694 453 749 512 aut
769 449 967 532 cupientibus
982 440 1140 534 eratspe
1155 451 1207 514 vel
1238 416 1371 540 &iiiii

171 550 277 616 dolore
291 551 453 636 accipitur.
477 551 654 616 Arminium
670 571 764 635 super
778 552 905 617 insitam
921 553 1103 617 violentiam
1115 561 1207 637 rapta
1281 557 1326 608 aar.

171 676 260 736 uxor,
295 655 455 721 subiectus
486 655 613 721 servitio
643 655 750 720 uxoris
780 662 886 721 uterus
917 655 1104 722 vaecordem
1134 678 1206 741 age·

171 760 258 841 bant,
292 760 508 843 volitabatque
541 780 598 843 per
629 760 813 840 Cheruscos,
847 780 936 823 arma
968 760 1000 824 in
1032 761 1206 845 Segestem,

170 884 258 928 arma
284 864 317 928 in
347 864 514 930 Caesarem
541 884 684 948 poscens.
723 884 827 946 neque
849 865 972 948 probris
994 867 1205 950 temperabat:

170 969 332 1052 egregium
367 974 499 1052 patrem,
533 988 684 1052 magnum
714 969 944 1052 imperatorem,
975 968 1088 1034 fortem
1119 990 1206 1035 exer-

171 1071 277 1152 eitum,
308 1091 439 1154 quorum
467 1078 512 1145 tot
539 1092 650 1137 manus
673 1092 769 1136 unam
792 1072 1006 1137 mulierculam
1029 1075 1204 1139 avexerint.

170 1175 229 1240 sibi
252 1183 316 1241 tres
338 1176 489 1261 legiones,
511 1176 643 1242 totidem
663 1177 783 1260 legatos
798 1177 1016 1262 procubuisse5
1040 1178 1205 1244 nonenim

169 1300 203 1344 se
219 1279 396 1365 proditione
411 1300 515 1363 neque
530 1280 682 1346 adversus
698 1280 833 1345 feminas
847 1281 1006 1364 gravidas,
1027 1281 1084 1346 sed
1099 1283 1205 1366 palam

168 1384 321 1450 adversus
354 1391 493 1449 armatos
526 1384 644 1449 bellum
678 1390 822 1449 tractare.
874 1385 960 1449 oemi
993 1384 1098 1450 adhuc
1132 1387 1205 1452 Ger-

168 1508 330 1553 manorum
362 1489 395 1553 in
421 1487 499 1553 lucis
526 1487 619 1572 signa
645 1489 798 1568 Romana,
829 1508 911 1569 quae
934 1486 983 1553 dis
1006 1490 1117 1573 patriis
1140 1510 1205 1555 sus-

168 1591 323 1676 penderit.
362 1593 477 1658 coleret
500 1594 648 1677 Segestes
679 1593 796 1658 victam
822 1594 933 1677 ripam,
964 1592 1110 1658 redderet
1139 1594 1204 1659 filio

168 1696 377 1762 sacerdotium
407 1698 582 1763 hominum:
615 1698 789 1763 Germanos
817 1718 988 1780 numquam
1010 1698 1088 1763 satis
1112 1718 1204 1762 excu-

168 1807 299 1883 saturos,
327 1802 410 1885 quod
437 1804 520 1867 inter
542 1803 648 1867 Albim
671 1810 702 1867 et
724 1802 871 1868 Rhenum
893 1803 1000 1886 virgas
1023 1809 1055 1867 et
1078 1822 1203 1867 secures

168 1912 200 1970 et
225 1911 332 1990 togam
359 1905 505 1971 viderint,
543 1906 613 1970 aliis
635 1906 784 1990 gentibus
809 1907 989 1990 ignorantia
1011 1906 1123 1990 imperi
1145 1908 1203 1972 Ro·

166 2009 253 2073 mani
276 2009 442 2094 inexperta
465 2029 534 2075 esse
558 2011 720 2094 supplicia,
745 2011 852 2075 nescia
874 2011 1005 2075 tributa:
1030 2018 1111 2093 quae
1133 2031 1203 2093 quo-

166 2113 253 2176 niam
286 2114 431 2177 exuerint
464 2114 637 2195 inritusque
671 2113 851 2179 discesserit
880 2114 932 2179 ille
961 2115 1044 2178 inter
1072 2116 1204 2179 numina

166 2215 290 2281 dicatus
320 2218 493 2301 Augustus,
524 2218 577 2281 ille
607 2217 747 2283 delectus
776 2217 931 2298 Tiberius,
963 2238 1004 2282 116
1033 2219 1202 2302 inperitum

166 2319 446 2400 adulescentulum,
471 2342 511 2385 ne
531 2321 715 2386 seditiosum
735 2322 908 2386 exercitum
927 2328 1144 2405 pavescerent.
1176 2323 1202 2386 si

166 2426 302 2509 patriam
327 2431 476 2509 parentes
503 2426 635 2507 antiqua
656 2426 786 2491 mallent
813 2446 908 2507 quam
935 2425 1078 2491 dominos
1101 2432 1132 2490 et
1156 2445 1211 2490 co·

166 2528 268 2593 lonias
284 2549 392 2608 novas,
416 2529 592 2593 Arminium
615 2530 719 2613 potius
740 2530 859 2612 gloriae
879 2548 917 2592 ao
936 2529 1090 2593 libertatis
1106 2549 1201 2611 quam

166 2633 330 2717 Segestem
352 2634 529 2716 flagitiosae
552 2633 712 2699 servitutis
735 2633 847 2699 ducem
871 2639 1085 2715 sequerentur.

253 2737 304 2802 60.
330 2738 451 2803 Conciti
473 2759 530 2823 per
552 2738 631 2802 haee
654 2760 717 2804 non
741 2737 834 2804 modo
859 2737 1021 2818 Cherusci,
1051 2737 1108 2802 sed
1132 2757 1202 2802 con·
1234 2735 1362 2788 arearum

166 2842 320 2907 1611111666
334 2852 456 2926 gentes,
477 2848 657 2924 tractusque
672 2843 704 2906 in
721 2842 819 2926 partis
835 2842 1053 2926 Inguiomerus
1068 2841 1202 2905 Arminii
1237 2806 1356 2918 emiliae.

165 2952 306 3029 patruus,
337 2954 444 3011 vetere
471 2945 556 3030 apud
579 2948 739 3011 Romanos
765 2947 964 3030 auctoritate;
995 2945 1080 3011 unde
1103 2947 1202 3012 maior

165 3051 296 3116 Caesari
318 3057 429 3116 metus.
475 3059 506 3115 61
528 3071 569 3115 ne
592 3050 709 3116 bellum
733 3051 815 3115 mole
837 3071 902 3115 una
924 3050 1095 3134 ingrueret,
1125 3051 1201 3116 Cae-

166 3154 270 3218 cinam
293 3174 363 3218 cum
386 3154 597 3239 quadraginta
619 3154 799 3220 cohortibus
821 3155 972 3219 Romanis
996 3152 1199 3219 distrahendo

164 3257 248 3322 hosti
274 3277 331 3342 per
352 3259 518 3323 Bructeros
544 3256 587 3322 ad
608 3257 725 3323 flumen
748 3258 902 3322 Amisiam
925 3257 1030 3337 mittit,
1061 3257 1199 3339 equitem

165 3360 252 3427 Pedo
275 3363 456 3447 praefectus
478 3363 595 3428 finibus
618 3363 789 3428 Frisiorum
812 3361 908 3426 ducit.
953 3362 1022 3446 ipse
1045 3360 1199 3444 inpositas

167 3467 303 3532 navibus
327 3473 475 3549 quattuor
497 3467 638 3550 legiones
661 3487 717 3550 per
740 3467 826 3530 lacus
847 3465 948 3550 vexit;
973 3465 1127 3546 simulque
1148 3484 1199 3548 pe-

165 3568 223 3636 des
253 3590 350 3654 eques
381 3571 489 3636 elassis
519 3570 605 3655 apud
635 3570 830 3655 praedictum
857 3588 983 3633 amnem
1011 3588 1197 3634 convenere.

165 3673 286 3740 Chauci
314 3695 385 3739 cum
409 3675 529 3740 auxilia
551 3675 781 3759 pollicerentur,
805 3673 838 3737 in
855 3673 1069 3737 commilitium
1085 3671 1198 3737 adsciti

164 3785 247 3842 sunt.
278 3780 445 3844 Bructeros
468 3799 526 3844 sua
548 3779 668 3843 urentis
691 3775 840 3861 expedita
863 3797 934 3841 cum
954 3795 1050 3840 manu
1064 3777 1100 3840 L.
1117 3777 1199 3842 Ster-

164 3880 261 3947 tinius
284 3883 382 3948 missu
404 3882 582 3948 Germanici
605 3881 702 3971 fudit3
736 3881 887 3968 interque
910 3879 1221 3960 6661666666-

208 3991 300 4032 666116
311 3992 449 4037 amalacitae.
464 3995 481 4038 Ι,
507 3996 548 4049 (Θ,
561 3997 649 4056 &sesag
663 3999 688 4044 ia
704 3999 798 4057 1116116.)
1111 3987 1133 4033 ‘5
