2760 4214
51 1597 99 1641 tot

5 1667 42 1710 tat
55 1665 143 1717 ataias

26 1735 124 1788 antisse

51 1808 95 1849 aaa

18 1873 130 1927 euterius.

24 2529 123 2583 stultate

2 2598 39 2643 tet
53 2599 143 2652 nunti·

27 2668 119 2721 tractas

5 2737 136 2792 cerastas.

172 166 233 230 156
404 182 453 237 Ab
472 197 588 237 excessu
605 183 638 236 D.
653 183 779 252 Augusti
797 183 839 237 IV
857 186 969 240 60-64.

169 356 329 422 enimvero
343 357 489 422 Tiberius
511 364 619 423 torvus
642 364 696 422 aut
718 357 833 423 falsum
856 358 1006 424 renidens
1024 359 1128 424 vultu:
1153 377 1214 427 seu

168 461 347 543 loqueretur
377 481 433 526 seu
463 468 581 526 taceret
611 461 745 542 iuvenis,
777 461 897 527 crimen
928 482 970 527 cx
1000 461 1137 544 silenti0,
1168 483 1213 528 ex

168 585 256 630 voce.
279 586 320 631 ne
343 586 408 630 nox
432 564 560 647 quidem
583 585 704 645 secura,
736 585 807 629 cum
830 586 910 631 uxor
931 566 1059 650 vigilias
1081 585 1211 632 somnos

170 669 307 752 suspiria
329 669 422 732 matri
445 669 555 734 Liviae
577 676 673 751 atque
696 669 750 733 illa
774 670 890 736 Seiano
913 670 1123 755 patefaceret;
1155 671 1211 753 qui

170 771 298 836 fratrem
331 791 454 854 quoque
482 773 618 837 Neronis
645 773 783 838 Drusum
814 773 911 837 traxit
941 774 973 837 in
1004 765 1120 858 part'es,
1152 794 1210 858 spe

170 877 294 940 obiecta
324 876 477 960 principis
506 877 576 959 loci,
611 878 637 942 si
669 878 804 962 priorem
834 884 939 943 aetate
971 885 1003 943 et
1030 878 1095 943 iam
1125 879 1211 944 labe-

170 979 289 1044 factum
320 979 520 1045 demovisset.
559 989 651 1046 atrox
678 981 775 1046 Drusi
805 981 969 1064 ingenium
1000 1002 1095 1066 super
1126 982 1210 1066 cupi-

170 1083 276 1148 dinem
299 1085 460 1167 potentiae
485 1091 516 1148 et
539 1085 631 1149 solita
654 1085 804 1151 fratribus
827 1085 901 1150 odia
915 1084 1150 1150 accendebatur
1165 1085 1211 1149 in-

169 1187 265 1269 vidia,
282 1187 366 1270 quod
382 1195 482 1253 mater
493 1189 671 1272 Agrippina
686 1190 860 1274 promptior
872 1190 991 1254 Neroni
1007 1195 1087 1254 erat„
1104 1209 1210 1272 neque

170 1299 277 1357 tamen
293 1293 426 1359 Seianus
449 1293 494 1357 ita
516 1293 655 1358 Drusum
678 1293 816 1374 fovebat,
840 1300 874 1357 ut
896 1314 961 1357 non
983 1293 1016 1357 in
1040 1312 1112 1357 eum
1137 1312 1210 1374 quo-

170 1417 232 1479 que
247 1398 368 1463 semina
383 1397 479 1461 futuri
503 1397 593 1462 exitii
614 1396 828 1479 meditaretur,
851 1417 970 1480 gnarus
992 1396 1210 1481 praeferocem

171 1507 202 1565 et
225 1500 348 1565 insidiis
371 1501 473 1582 magis
496 1507 715 1583 opportunum.

258 1605 308 1668 61.
326 1604 406 1668 Fine
421 1604 497 1668 anni
510 1624 675 1669 excessere
686 1605 829 1688 insignes
842 1605 902 1668 viri
913 1604 1043 1669 Asinius
1054 1604 1209 1688 Agrippa,

171 1709 263 1773 claris
285 1708 456 1773 maioribus
480 1729 574 1791 quarn
597 1710 731 1774 vetustis
753 1710 881 1792 vitaque
904 1729 968 1773 non
995 1708 1145 1791 degener,
1178 1714 1210 1772 et

171 1812 208 1888 Q.
233 1812 391 1894 Haterius
416 1812 535 1877 familia
559 1813 727 1893 senatoria,
752 1812 961 1895 eloquentiae,
990 1812 1095 1894 quoad
1117 1812 1209 1893 vixit,

171 1916 362 1981 celebratae:
386 1917 581 1981 monimenta
605 1917 712 1999 ingeni
736 1918 803 1982 eius
825 1915 910 1980 haud
925 1915 1059 2000 perinde
1074 1917 1210 1982 retinen·

170 2026 228 2083 tur.
268 2020 387 2084 scilicet
417 2020 536 2103 impetu
567 2020 670 2102 magis
700 2041 795 2102 quam
827 2041 903 2084 cura
933 2020 1077 2105 vigebat3
1112 2026 1210 2102 utque

169 2123 301 2187 aliorum
325 2123 487 2187 meditatio
511 2129 541 2186 et
563 2124 652 2188 labor
675 2124 707 2187 in
730 2130 890 2207 posterum
912 2125 1055 2205 valescit,
1079 2124 1125 2189 sic
1148 2125 1210 2188 Ha·

168 2226 239 2291 terii
270 2246 418 2290 canorum
449 2225 525 2289 illud
549 2233 581 2290 et
603 2226 764 2309 profluens
788 2248 860 2292 cum
883 2228 951 2311 ipso
975 2228 1068 2293 simul
1091 2228 1210 2293 extinc-

168 2336 235 2394 tum
259 2336 314 2395 est.

255 2539 305 2602 62.
337 2540 378 2603 M.
402 2538 524 2604 Licinio
555 2539 590 2602 L.
616 2539 786 2622 Calpurnio
819 2538 1001 2604 consulibus
1031 2538 1210 2622 ingentium

168 2643 321 2708 bellorum
337 2643 460 2708 cladem
475 2644 626 2726 aequavit
642 2643 760 2707 malum
775 2643 988 2726 inprovisum:
1005 2642 1073 2707 eius
1084 2642 1211 2707 initium

168 2748 261 2813 simul
284 2755 315 2812 et
337 2749 410 2813 finis
434 2748 564 2812 exstitit.
595 2767 670 2810 nam
691 2755 802 2831 coepto
817 2747 904 2831 apud
919 2746 1073 2811 Fidenam
1089 2746 1210 2830 amphi-

168 2850 292 2916 theatro
307 2851 422 2916 Atilius
445 2849 573 2933 quidam
596 2850 734 2915 libertini
754 2851 890 2932 generis
916 2871 977 2932 quo
993 2851 1209 2934 spectaculum

168 2953 380 3038 gladiatorum
411 2954 594 3033 celebraret,
625 2974 728 3035 neque
758 2953 968 3018 fundamenta
994 2973 1051 3037 per
1073 2953 1210 3019 solidum

171 3057 321 3137 subdidit,
345 3078 448 3139 neque
471 3058 570 3122 firmis
592 3059 729 3123 nexibus
745 3058 885 3141 ligneam
902 3077 1088 3142 compagem
1104 3077 1210 3140 super·

169 3162 294 3242 struxit,
325 3168 359 3225 ut
383 3162 522 3244 quinon
545 3159 741 3226 abundantia
764 3163 919 3245 pecuniae
943 3182 1002 3227 nec
1025 3161 1210 3245 municipali

169 3267 351 3346 ambitione,
376 3265 431 3331 sed
455 3266 487 3329 in
511 3264 671 3330 sordidam
695 3265 873 3330 mercedem
890 3266 922 3329 id
938 3266 1100 3350 negotium
1117 3285 1210 3348 quae.-

169 3370 303 3435 sivisset.
321 3369 484 3436 adfluxere
500 3370 588 3434 avidi
603 3371 725 3450 talium,
741 3370 943 3453 imperitante
958 3370 1086 3435 Tiberio
1101 3369 1210 3453 procul

167 3474 382 3557 voluptatibus
402 3474 512 3555 habiti,
536 3474 627 3539 virile
643 3495 680 3538 ac
696 3474 849 3538 muliebre
865 3494 966 3555 secus
990 3475 1093 3539 omnis
1108 3480 1209 3560 actas,

169 3579 209 3642 ob
233 3578 500 3662 propinquitatem
523 3579 584 3643 loci
607 3578 751 3661 effusius;
776 3577 862 3642 unde
882 3578 1010 3661 gravior
1024 3578 1125 3661 pestis
1141 3578 1209 3658 fuit,

169 3681 311 3747 conferta
333 3683 424 3762 mole,
447 3681 521 3745 dein
546 3682 706 3762 convulsa,
731 3681 807 3746 dum
830 3681 892 3746 ruit
914 3681 1000 3746 intus
1023 3682 1134 3746 autin
1158 3702 1211 3746 ex·

166 3787 284 3851 teriora
306 3786 478 3850 effunditur
504 3785 745 3867 inmensamque
776 3786 841 3850 vim
869 3785 1058 3866 mortalium,
1090 3792 1210 3869 specta·

158 3890 232 3956 culo
252 3890 397 3958 intentos
420 3895 477 3957 aut
500 3889 556 3976 qui
578 3889 699 3956 circum
718 3888 901 3970 adstabant,
929 3909 1083 3972 praeceps
1114 3888 1211 3954 trahit
