2760 4214
506 171 530 210 a.
543 155 576 210 U.
590 171 612 210 e.
626 157 684 211 769.
712 171 739 223 p·
754 152 817 208 Chr.
831 156 872 209 16.
1167 134 1210 198 55

171 339 288 398 terram
317 330 453 414 adpulit3
489 350 583 412 quem
613 349 669 413 per
699 348 809 393 omnes
839 327 909 391 illos
939 325 1008 392 dies
1038 332 1210 407 noctesque

171 435 257 521 apud
281 436 425 518 scopulos
448 440 479 498 et
501 434 710 518 prominentis
732 452 814 512 oras,
845 452 917 496 cunr
945 451 979 495 se
1010 431 1090 495 tanti
1121 430 1211 494 exitii

171 560 260 604 reum
281 539 465 620 clamitaret,
499 539 556 603 vix
580 536 748 601 cohibuere
771 535 864 600 amici
888 555 949 616 quo
972 535 1076 599 minus
1099 531 1212 599 eodem

170 644 250 708 mari
272 649 444 727 oppeteret.
484 640 614 706 tandem
643 641 804 705 relabente
835 646 925 704 aestu
957 644 988 703 et
1018 636 1212 702 secundante

171 754 267 812 vento
298 744 429 810 claudae
460 766 559 810 naves
581 765 652 809 raro
673 745 805 827 remigio
827 749 884 807 aut
906 743 1036 807 intentis
1058 741 1211 820 vestibus,

170 857 203 914 ct
226 850 381 933 quaedam
397 870 417 914 a
431 849 637 915 validioribus
652 855 782 927 tractae,
806 854 978 932 revertere,
1002 865 1081 928 quas
1097 844 1212 928 raptim

170 955 306 1020 refectas
328 955 424 1035 misit,
455 961 490 1018 ut
513 959 726 1019 scrutarentur
747 953 876 1017 insulas.
916 951 1038 1016 collecti
1068 970 1107 1014 ea
1137 967 1212 1013 cura

170 1059 327 1143 plerique:
351 1059 466 1123 multos
488 1058 683 1142 Ampsivarii
707 1077 807 1140 nuper
830 1056 863 1119 in
885 1055 982 1120 fidem
1004 1053 1128 1138 accepti
1144 1051 1211 1116 red-

170 1169 292 1246 emptos
319 1163 359 1228 ab
381 1163 581 1228 interioribus
605 1160 785 1245 reddidere,
811 1159 939 1242 quidam
962 1159 997 1222 in
1013 1157 1212 1222 Britanniam

169 1267 252 1350 rapti
283 1273 315 1331 et
343 1267 466 1332 remissi
497 1288 517 1331 a
551 1267 677 1350 regulis.
724 1273 758 1329 ut
793 1265 863 1346 quis
893 1284 935 1327 ex
964 1262 1136 1345 longinquo
1166 1279 1212 1323 re-

169 1376 312 1451 venerat,
343 1371 494 1438 miracula
516 1371 697 1451 narrabant,
726 1370 791 1433 vim
814 1368 975 1432 turbinum
998 1373 1030 1430 et
1052 1363 1212 1428 inauditas

170 1475 324 1554 volucres,
347 1480 487 1539 monstra
506 1476 612 1555 maris,
635 1473 802 1557 ambiguas
824 1471 986 1536 hominum
1002 1477 1033 1534 et
1048 1468 1212 1534 beluarum

171 1576 299 1658 formas,
323 1578 394 1643 visa
416 1578 484 1643 sive
508 1597 549 1642 ex
572 1585 658 1642 metu
682 1577 809 1642 credita.

256 1680 308 1745 25.
332 1681 397 1748 Sed
418 1682 506 1746 fama
528 1683 638 1747 classis
660 1683 796 1746 amissae
812 1687 846 1744 ut
862 1680 1036 1745 Germanos
1058 1676 1100 1741 ad
1121 1695 1210 1759 spem
1251 1682 1365 1763 lutobor

169 1784 255 1866 belli,
278 1786 324 1848 ita
347 1786 515 1851 Gaesarem
537 1785 580 1849 ad
602 1784 809 1849 coercendum
832 1784 942 1848 erexit.
986 1783 1019 1848 O.
1038 1781 1114 1846 Silio
1138 1799 1209 1842 cum
1235 1751 1375 1875 Qum

169 1888 300 1971 triginta
330 1889 483 1972 peditum,
513 1890 614 1953 tribus
642 1890 783 1971 equitum
806 1888 933 1952 milibus
955 1887 1001 1950 ire
1023 1887 1056 1949 in
1080 1883 1210 1948 Chattos
1228 1893 1272 1937 uos
1288 1893 1373 1944 narra

168 1992 317 2076 imperat;
346 1994 414 2076 ipsc
437 1993 608 2058 maioribus
630 1993 729 2075 copiis
751 1993 872 2056 Marsos
894 1990 1054 2073 inrumpit,
1078 2007 1210 2071 quorum

170 2094 237 2161 dux
253 2095 472 2162 Mallovendus
494 2117 595 2181 nuper
611 2098 644 2160 in
660 2096 853 2160 deditionem
868 2103 1018 2178 acceptus
1034 2092 1210 2176 propinquo

168 2200 240 2266 luco
265 2199 426 2266 defossam
437 2202 595 2266 Varianae
611 2201 744 2284 legionis
759 2201 898 2282 aquilam
913 2197 1036 2264 modico
1051 2195 1210 2281 praesidio

170 2305 291 2370 servari
320 2304 447 2370 indicat.
491 2307 589 2370 missa
611 2307 770 2389 extemplo
793 2324 915 2384 manus,
939 2323 1021 2385 quae
1043 2301 1167 2366 hostem
1190 2320 1210 2362 a

169 2407 273 2474 fronte
297 2410 431 2491 eliceret,
463 2411 527 2492 alii,
559 2411 612 2492 qui
643 2417 733 2493 terga
763 2408 981 2492 circumgressi
1010 2404 1210 2489 recluderent

168 2512 314 2597 humum,
339 2520 371 2578 et
392 2515 533 2596 utrisque
556 2514 660 2579 adfuit
682 2514 816 2580 fortuna.
841 2534 878 2579 eo
901 2513 1073 2597 promptior
1093 2511 1211 2576 Caesar

167 2618 273 2701 pergit
293 2617 457 2699 introrsus,
480 2620 658 2703 populatur,
682 2618 824 2683 excindit
846 2638 910 2681 non
932 2637 1045 2680 ausum
1060 2612 1209 2696 congredi

167 2720 290 2786 hostem
312 2728 376 2803 aut,
400 2722 500 2787 sicubi
524 2723 691 2802 restiterat,
715 2723 822 2786 statim
843 2722 968 2805 pulsum
984 2739 1044 2784 nco
1059 2737 1209 2798 umquam

167 2825 280 2908 magis,
311 2833 346 2890 ut
369 2847 409 2890 ex
434 2827 568 2911 captivis
592 2828 754 2910 cognitum
776 2832 834 2907 est,
865 2831 1044 2910 paventem.
1092 2822 1208 2905 quippe

167 2927 304 2995 invictos
326 2936 358 2994 et
381 2930 474 2995 nullis
497 2932 624 2996 casibus
647 2931 843 3015 superabiles
866 2932 1026 2994 Romanos
1049 2928 1209 3012 praedica-

167 3032 255 3113 bant,
287 3034 340 3116 qui
363 3034 488 3118 perdita
511 3037 621 3117 classe,
652 3035 778 3099 amissis
810 3035 915 3116 armis,
946 3039 1019 3118 post
1050 3037 1209 3098 constrata

168 3155 320 3217 equorum
354 3138 554 3221 virorumque
589 3140 771 3223 corporibus
808 3138 900 3205 litora
935 3137 1047 3203 eadem
1082 3137 1208 3216 virtute,

167 3240 237 3323 pari
259 3240 378 3305 ferocia
401 3248 433 3306 et
455 3244 543 3307 velut
565 3244 650 3308 aucti
673 3263 803 3308 numero
825 3243 1029 3326 inrupissent.

255 3343 305 3409 26.
330 3345 491 3411 Reductus
518 3347 593 3412 inde
620 3348 654 3412 in
680 3348 814 3414 hiberna
836 3348 936 3427 miles,
969 3348 1070 3412 laetus
1100 3345 1208 3425 animi,
1236 3339 1335 3394 ffillftl‘
1349 3342 1373 3387 ¹¹¹

167 3447 251 3529 quod
285 3448 421 3514 adversa
456 3452 553 3516 maris
584 3451 787 3536 expeditione
817 3471 967 3535 prospera
997 3449 1206 3533 pensavisset.
1236 3412 1373 3532 Μ’χίἶὶῗψ

166 3550 290 3616 addidit
312 3553 561 3619 munificentiam
585 3556 712 3636 Caesar,
741 3562 894 3638 quantum
917 3555 988 3637 quis
1011 3553 1119 3617 damni
1142 3572 1208 3637 pro·
1236 3567 1376 3613 comanae

166 3653 270 3720 fessus
292 3664 369 3737 erat,
398 3657 604 3730 exsolvendo.
643 3679 703 3723 nec
732 3658 864 3724 dubium
894 3657 1072 3723 habebatur
1100 3657 1208 3721 labare
1253 3638 1359 3759 ῗξζξῖξξ

166 3756 272 3823 hostes
294 3760 515 3843 petendaeque
538 3765 626 3845 pacis
650 3762 782 3827 consilia
805 3782 938 3843 sumere,
962 3769 994 3825 et
1017 3761 1043 3826 si
1063 3761 1210 3845 proxima

164 3869 271 3927 aestas
282 3863 468 3947 adiceretur,
481 3885 573 3949 posse
584 3866 701 3931 bellum
713 3866 840 3950 patrari.
865 3865 922 3930 scd
935 3865 1052 3930 crebris
1064 3863 1209 3949 epistulis
