2760 4214
62 1275 129 1319 ettae

38 1345 147 1399 &utulate

43 1418 87 1459 act
102 1414 147 1466 teia

34 1484 156 1536 tertulla.

191 150 252 214 196
327 200 332 207 -
424 166 473 221 Ab
493 181 609 221 excessu
627 167 660 221 D.
673 167 800 236 Augusti
817 166 858 221 VI
877 170 988 224 50-51.

190 341 383 426 explevisse3
416 348 447 406 et
476 342 575 407 multo
604 348 787 426 gratantum
817 361 970 407 concursu
1000 341 1043 406 ad
1073 341 1231 426 capienda

188 447 314 531 imperii
343 446 515 531 primordia
545 447 644 512 Gaius
671 448 790 512 (laesar
819 446 1051 530 egrediebatur,
1083 467 1158 511 cum
1187 468 1232 512 re-

189 558 284 636 pente
311 550 454 616 adfertur
479 551 583 617 redire
606 551 734 616 Tiberio
756 571 868 618 vocem
888 572 928 616 ac
951 552 1038 617 visus
1059 551 1232 633 vocarique

190 658 244 739 qui
266 656 460 721 recreandae
484 656 655 721 defectioni
679 657 783 721 cibum
807 655 978 722 adferrent.
1024 676 1126 741 pavor
1156 655 1232 721 hine

190 761 224 824 in
239 780 359 841 omnes,
383 767 416 825 et
438 760 535 825 ceteri
557 761 677 844 passim
700 760 850 844 dispergi,
874 780 908 825 sc
924 760 1058 842 quisque
1073 767 1231 826 maestum

189 872 245 929 aut
267 865 409 929 nescium
432 865 567 949 fingere,
592 865 710 930 (laesar
732 865 765 929 in
788 865 949 929 silentium
971 864 1056 930 fixus
1071 884 1233 930 asumma

191 990 247 1053 spe
282 969 456 1034 novissima
486 971 703 1054 exspectabat.
750 970 856 1035 Macro
885 968 1064 1054 intrepidus
1095 968 1232 1054 opprimi

192 1093 301 1139 senem
323 1074 442 1138 iniectu
465 1075 584 1138 multae
606 1075 704 1140 vestis
727 1075 816 1140 iubet
839 1073 1023 1156 discedique
1045 1074 1087 1138 ab
1110 1074 1232 1140 limine.

191 1178 236 1242 sic
250 1178 397 1242 Tiberius
418 1177 522 1242 finivit
545 1186 657 1243 octavo
680 1185 711 1243 et
734 1178 991 1262 septuagensimo
1005 1177 1121 1243 aetatis
1136 1198 1232 1243 anno.

277 1283 328 1347 51.
353 1284 446 1346 Pater
463 1283 492 1346 ei
508 1284 592 1347 Nero
616 1289 648 1347 et
670 1283 827 1364 utrimque
843 1282 931 1367 origo
946 1282 1052 1366 gentis
1068 1282 1233 1363 Claudiae,

191 1408 382 1472 quamquam
417 1394 517 1451 mater
546 1387 580 1450 in
610 1387 734 1452 Liviam
766 1393 798 1451 et
827 1408 902 1452 mox
931 1388 1046 1451 Iuliam
1076 1386 1234 1451 familiam

191 1492 414 1577 adoptionibus
430 1492 598 1556 transierit.
628 1512 720 1556 casus
734 1492 837 1577 prima
851 1494 892 1558 ab
908 1490 1045 1555 infantia
1060 1491 1233 1575 ancipites3

190 1618 266 1660 narn
281 1596 490 1681 proscriptum
505 1603 629 1679 patrem
645 1597 719 1660 exul
731 1602 866 1677 secutus,
883 1596 938 1660 ubi
954 1596 1082 1661 domum
1093 1595 1235 1680 Augusti

190 1701 355 1785 privignus
385 1700 514 1779 introiit,
546 1701 652 1765 multis
674 1701 807 1765 aemulis
838 1699 1036 1765 conflictatus
1066 1707 1125 1781 est,
1157 1699 1235 1764 dum

191 1805 356 1869 Marcellus
387 1811 418 1869 et
449 1805 600 1888 Agrippa,
636 1825 710 1869 mox
742 1804 839 1869 Gaius
866 1804 1046 1886 Luciusque
1076 1804 1235 1870 Caesares

191 1908 337 1991 viguere,
373 1909 469 1972 etiam
498 1907 596 1971 frater
629 1908 697 1973 eius
729 1908 852 1972 Drusus
886 1907 1083 1991 prosperiore
1114 1906 1235 1972 civium

191 2032 298 2078 amore
322 2020 398 2076 erat.
427 2011 484 2076 sed
508 2012 648 2076 maxime
670 2013 704 2075 in
727 2012 846 2076 lubrico
869 2012 935 2095 egit
957 2018 1090 2095 accepta
1111 2010 1147 2074 in
1168 2031 1235 2075 ma-

191 2117 372 2181 trimonium
383 2116 474 2196 Iulia,
491 2115 710 2200 inpudicitiam
722 2117 829 2180 uxoris
841 2116 979 2180 tolerans
991 2121 1045 2180 aut
1056 2114 1233 2181 declinans.

192 2219 266 2285 dein
282 2219 393 2284 Rhodo
415 2239 577 2303 regressus
600 2240 718 2286 vacuos
741 2219 893 2304 principis
915 2225 1048 2303 penates
1064 2218 1235 2285 duodecim

191 2324 295 2404 annis,
319 2344 392 2388 mox
415 2324 462 2388 rei
477 2326 639 2388 Romanae
659 2324 823 2389 arbitrium
838 2323 939 2388 tribus
954 2321 1053 2387 ferme
1070 2329 1102 2386 et
1117 2323 1235 2407 viginti

191 2428 335 2493 obtinuit.
371 2448 493 2492 morum
516 2449 641 2510 quoque
663 2436 806 2512 tempora
827 2427 872 2490 illi
895 2426 1036 2491 diversa:
1067 2427 1234 2511 egregium

192 2533 260 2597 vita
281 2531 439 2613 famaque,
464 2531 568 2614 quoad
583 2533 725 2616 privatus
740 2532 792 2596 vel
806 2531 840 2595 in
856 2531 997 2614 imperiis
1013 2531 1071 2596 sub
1088 2534 1237 2615 Augusto

192 2636 266 2719 fuit;
298 2638 453 2702 occultum
477 2656 515 2700 ac
542 2636 709 2701 subdolum
736 2634 895 2719 fingendis
921 2635 1101 2716 virtutibus,
1133 2635 1237 2701 donec

193 2742 400 2806 Germanicus
438 2761 476 2805 ac
513 2741 635 2806 Drusus
673 2739 871 2825 superfuere;
910 2739 995 2804 idem
1031 2739 1116 2805 inter
1149 2741 1238 2805 bona

193 2847 339 2926 malaque
374 2845 493 2909 mixtus
528 2845 678 2910 incolumi
709 2851 823 2928 matre,
862 2844 1053 2909 intestabilis
1088 2844 1236 2927 saevitia,

194 3059 350 3137 postremo
380 3053 413 3116 in
442 3054 562 3118 scelera
592 3053 685 3118 simul
715 3073 753 3116 ac
785 3051 941 3117 dedecora
968 3052 1120 3137 prorupit,
1151 3064 1236 3136 post-

194 3177 288 3240 quam
304 3164 423 3222 remoto
439 3156 558 3240 pudore
574 3164 605 3222 et
620 3164 706 3221 metu
722 3177 779 3222 suo
795 3163 918 3220 tantum
934 3157 1063 3240 ingenio
1074 3157 1233 3223 utebatur.
