2760 4214
59 1711 197 1764 stlembum

82 1780 173 1833 sictona

108 1851 144 1895 tet

54 1916 203 1972 titttctlesct.

227 175 289 240 124
477 190 526 245 Ab
546 205 662 246 excessu
680 191 713 245 D.
727 190 855 260 Augusti
873 191 914 245 IV
935 195 1009 247 1-5.

224 367 297 433 Seio
321 366 476 432 Strabone
504 366 610 447 equite
637 367 779 430 Romano
811 371 843 429 et
872 365 975 449 prima
997 365 1128 430 iuventa
1151 365 1266 431 Gaium

225 471 394 537 Caesarem
410 470 476 534 divi
492 469 628 553 Augusti
644 475 792 553 nepotem
808 475 957 550 sectatus,
977 489 1042 533 non
1057 469 1126 534 sine
1141 489 1265 535 rumore

224 574 337 658 Apicio
360 574 452 639 diviti
476 579 507 637 et
528 572 661 657 prodigo
684 580 826 657 stuprum
849 593 932 638 veno
953 572 1088 653 dedisse,
1119 594 1194 637 mox
1216 572 1266 637 Ti-

224 678 346 743 berium
376 679 473 743 variis
502 678 625 742 artibus
653 677 807 757 devinxit,
839 676 920 743 adeo
949 683 984 740 nt
1015 677 1182 741 obscurum
1213 676 1266 741 ad-

224 801 350 846 versum
383 782 463 846 alios
494 781 554 847 sibi
585 781 641 846 uni
670 781 832 845 incautum
865 781 1083 862 intectumque
1113 779 1264 861 efficeret,

224 905 288 951 non
311 891 375 949 tarn
399 885 536 950 sollertia
560 885 691 969 (quippe
711 884 813 949 isdem
829 884 950 950 artibus
965 884 1068 949 vietus
1084 883 1145 969 est)
1169 904 1265 966 quam

225 989 320 1055 deum
341 992 389 1054 ira
411 990 444 1053 in
468 1010 534 1054 rem
557 991 744 1069 Romanam,
769 990 857 1054 cuius
879 989 949 1073 pari
973 989 1070 1054 exitio
1093 989 1195 1072 viguit
1218 1008 1265 1053 ce-

225 1093 372 1175 ciditque.
413 1113 526 1177 corpus
555 1086 601 1157 illi
632 1094 776 1159 laborum
806 1093 955 1173 tolerans,
987 1093 1112 1157 animus
1141 1091 1263 1176 audam

224 1197 273 1262 sui
296 1199 459 1281 obtegens,
490 1199 523 1261 in
547 1197 625 1262 alios
649 1197 844 1281 criminator3
875 1198 965 1261 iuxta
994 1195 1134 1261 adulatio
1163 1203 1194 1260 et
1217 1216 1265 1260 su·

223 1301 347 1385 perbia3
370 1301 476 1385 palam
500 1302 690 1385 compositus
713 1300 823 1385 pudor,
846 1301 932 1365 intus
955 1319 1079 1364 summa
1101 1298 1266 1384 apiscendi

221 1404 331 1486 libido,
356 1407 486 1488 eiusque
509 1426 606 1471 causa
628 1405 721 1470 modo
744 1404 869 1488 largitio
893 1411 924 1469 et
945 1405 1050 1485 luxus,
1074 1404 1201 1488 saepius
1220 1404 1265 1468 in-

223 1507 343 1574 dustria
358 1530 396 1574 ae
410 1510 587 1593 vigilantia,
604 1508 690 1573 haud
701 1509 807 1574 minus
819 1509 943 1589 noxiae,
961 1508 1106 1590 quotiens
1122 1507 1264 1593 parando

222 1633 319 1697 regno
342 1612 514 1697 finguntur.

308 1716 435 1781 avim
466 1717 686 1801 praefecturae
717 1715 874 1780 modicam
903 1721 999 1780 antea
1026 1713 1172 1796 intendit,
1204 1714 1264 1779 dis·

221 1840 331 1904 persas
354 1842 411 1906 per
433 1822 544 1886 urbem
568 1819 711 1886 cobortes
734 1839 799 1884 una
818 1819 851 1882 in
870 1826 975 1884 castra
991 1817 1206 1899 conducendo,
1230 1825 1265 1882 ut

222 1925 314 1989 simul
342 1924 476 2008 imperia
505 1924 687 2008 acciperent
716 1943 912 2004 numeroque
943 1929 974 1986 et
1003 1923 1116 1986 robore
1139 1928 1171 1986 et
1192 1921 1264 1986 visu

221 2027 304 2092 inter
326 2047 360 2091 se
382 2026 500 2091 fiducia
521 2028 609 2110 ipsis,
633 2028 666 2091 in
691 2033 812 2092 ceteros
832 2033 934 2091 metus
950 2033 1098 2090 oreretur.
1122 2032 1264 2109 praeten-

222 2130 318 2194 debat
344 2130 490 2194 lascivire
518 2131 650 2194 militem
678 2129 855 2215 diductum,
887 2130 914 2195 si
946 2129 1022 2212 quid
1052 2130 1189 2194 subitum
1219 2129 1264 2193 in-

220 2239 322 2317 gruat,
340 2233 457 2299 maiore
468 2225 588 2299 auxilio
600 2235 718 2318 pariter
730 2234 905 2318 subveniri;
923 2241 954 2298 et
969 2234 1112 2299 severius
1127 2240 1262 2315 acturos,

221 2337 248 2402 si
271 2337 387 2402 vallum
411 2344 568 2404 statuatur
589 2339 699 2422 procul
721 2339 809 2404 urbis
831 2338 1007 2404 inlecebris.
1054 2344 1089 2402 ut
1121 2338 1264 2422 perfecta

222 2447 295 2507 sunt
318 2449 430 2524 castra,
454 2443 599 2527 inrepere
621 2443 773 2527 paulatim
797 2434 1088 2508 militares‘animos
1104 2441 1261 2523 adeundo,

221 2546 425 2631 appellando;
454 2547 547 2612 simul
571 2547 771 2611 centuriones
793 2565 833 2609 ac
855 2546 997 2610 tribunos
1020 2546 1088 2629 ipse
1112 2545 1261 2629 deligere.

221 2668 325 2731 neque
352 2651 510 2715 senatorio
537 2650 659 2714 ambitu
685 2649 868 2714 abstinebat
891 2649 1021 2713 clientes
1044 2668 1118 2713 suos
1141 2648 1263 2713 honori-

220 2754 279 2818 bus
295 2759 350 2816 aut
368 2753 538 2837 provinciis
556 2751 699 2835 ornandi,
723 2752 809 2816 facili
829 2752 955 2817 Tiberio
975 2758 1070 2834 atque
1090 2753 1135 2816 ita
1153 2773 1262 2835 prono,

220 2861 255 2918 ut
285 2857 403 2920 socium
427 2857 570 2921 laborum
593 2876 656 2920 non
679 2855 773 2920 modo
796 2855 829 2919 in
852 2856 1059 2936 sermonibus
1090 2855 1147 2920 sed
1176 2855 1263 2939 apud

171 2993 172 2997 =
220 2964 326 3043 patres
350 2966 381 3022 et
403 2959 555 3043 populum
578 2959 752 3023 celebraret
773 2959 896 3040 colique
915 2978 971 3042 per
994 2958 1118 3022 theatra
1141 2964 1172 3023 et
1195 2958 1262 3023 fora

82 3161 164 3206 ecurt

54 3231 196 3283 nullatenu

79 3299 122 3346 ult
136 3301 172 3344 tet

66 3369 185 3423 demutilat

56 3439 94 3486 tet
102 3439 195 3492 brutae.

221 3060 345 3145 effigies
368 3062 436 3126 eius
458 3062 603 3144 interque
625 3062 781 3146 principia
803 3062 963 3144 legionum
986 3062 1112 3126 sineret.

309 3165 337 3229 3.
363 3165 510 3231 Ceterum
538 3166 633 3250 plena
657 3167 829 3232 Caesarum
860 3164 982 3246 domus,
1013 3164 1137 3229 iuvenis
1167 3165 1261 3245 filius,

220 3273 354 3352 nepotes
382 3268 482 3332 adulti
512 3289 633 3334 moram
668 3269 784 3352 cupitis
813 3267 1028 3348 adferebant,¹
1046 3268 1121 3350 quia
1153 3269 1186 3333 vi
1216 3274 1262 3332 tot

220 3372 313 3436 simul
329 3371 485 3456 corripere
501 3372 649 3452 intutum,
673 3371 764 3436 dolus
786 3371 955 3436 intervalla
977 3372 1131 3436 scelerum
1154 3391 1263 3455 posce-

220 3477 284 3542 bat.
315 3477 434 3561 placuit
456 3483 564 3541 tamen
587 3476 737 3542 occultior
760 3477 812 3540 via
836 3482 867 3540 et
889 3476 1030 3541 aDruso
1053 3476 1204 3560 incipere,
1228 3478 1260 3540 in

221 3601 315 3663 quem
335 3581 454 3646 recenti
474 3581 521 3645 ira
537 3580 706 3646 ferebatur.
740 3600 813 3644 nam
829 3580 952 3645 Drusus
967 3580 1128 3664 inpatiens
1144 3581 1261 3645 aemuli

221 3692 253 3750 et
271 3687 385 3751 ¹animo
413 3686 596 3750 commotior
623 3691 690 3750 orto
713 3685 794 3750 forte
817 3685 919 3768 iurgio
942 3684 1123 3749 intenderat
1145 3686 1261 3750 Seiano

221 3809 334 3854 manus
357 3796 388 3854 et
412 3795 521 3854 contra
543 3788 702 3854 tendentis
725 3809 760 3854 os
776 3789 1008 3854 verberaverat.
1036 3788 1132 3872 igitur
1148 3794 1262 3853 cuncta

73 3880 124 3952 Ιι
207 3894 384 3978 temptanti
404 3893 686 3982 promptissimum
706 3893 812 3961 visum
833 3891 879 3956 ad
896 3912 1031 3957 uxorem
1053 3893 1121 3957 eius
1135 3892 1261 3957 Liviam
