2760 4214
503 167 527 205 a.
542 150 575 206 U.
589 165 611 205 c.
627 153 685 207 786.
713 167 739 218 p.
753 147 816 203 Chr.
830 150 872 203 33.
1144 129 1202 194 181

168 323 385 409 egredientem
419 324 561 389 eubiculo
596 324 734 388 Drusum
768 322 959 406 pulsaverat,
999 327 1203 386 exterruerat.

168 427 264 494 etiam
288 448 345 494 sua
367 429 466 493 verba
489 428 629 494 centurio
646 426 798 491 saevitiae
813 427 919 509 plena,
942 432 1104 506 tamquam
1120 445 1206 508 egre·

169 532 266 616 glum,
290 552 448 615 vocesque
471 531 647 596 deficientis
670 529 840 610 adiecerat,
864 529 934 611 quis
956 528 1057 612 primo
1081 525 1205 614 [aliena-

168 635 285 700 tionem
314 636 430 700 mentis
457 633 619 721 simulans]
652 634 741 717 quasi
771 654 828 717 per
857 631 1049 697 dementiam
1079 631 1205 697 funesta

170 738 306 820 Tiberio,
331 759 416 820 mox,
441 740 495 804 ubi
518 759 635 822 exspes
658 739 744 803 vitae
766 737 836 818 fuit,
864 736 1032 802 meditatas
1056 736 1214 820 composi-k

168 847 279 925 tasque
302 841 387 908 diras
409 842 641 926 inprecabatur,
673 847 716 922 ut,
748 839 1065 923 quemadmodum
1091 859 1204 903 nurum

168 945 328 1028 filiumque
351 946 456 1010 fratris
480 952 511 1011 et
533 952 665 1029 nepotes
689 944 878 1028 domumque
905 965 1032 1008 omnem
1055 943 1204 1008 caedibus

168 1049 398 1133 complevisset,
429 1050 475 1114 ita
504 1070 624 1134 poenas
654 1049 774 1113 nomini
800 1048 973 1131 generique
997 1047 1150 1112 maiorum
1172 1053 1205 1112 et

110 1234 112 1238 Α
167 1154 301 1237 posteris
331 1154 518 1219 exsolueret.
564 1153 777 1218 obturbabant
807 1151 935 1234 quidem
965 1158 1071 1236 patres
1098 1151 1204 1235 specie

168 1255 361 1321 detestandi:
390 1256 447 1322 sed
470 1257 658 1341 penetrabat
680 1276 780 1340 pavor
803 1262 834 1320 et
855 1254 1033 1335 admiratio,
1058 1255 1204 1319 callidum

167 1359 241 1423 olim
269 1367 300 1425 et
327 1360 473 1444 tegendis
503 1360 675 1426 sceleribus
705 1361 872 1425 obscurum
902 1358 964 1423 huc
995 1357 1205 1423 confidentiae

166 1463 302 1545 uenisse,
334 1470 369 1528 ut
398 1470 560 1546 tamquam
590 1462 717 1528 dimotis
744 1462 918 1547 parietibus
945 1461 1126 1527 ostenderet
1152 1482 1204 1526 ne-

167 1573 274 1650 potem
297 1568 355 1632 sub
379 1569 510 1633 verbere
534 1567 735 1648 centurionis,
759 1567 841 1631 inter
863 1566 1025 1631 servorum
1048 1566 1129 1631 ictus
1151 1585 1205 1629 ex·

123 1740 126 1746 ,
166 1676 267 1735 trema
289 1671 374 1736 vitae
395 1671 547 1761 alimenta
569 1670 685 1735 frustra
706 1676 858 1735 orantem.

256 1774 306 1838 ab.
331 1774 480 1839 Nondum
503 1774 530 1838 is
553 1773 642 1839 dolor
663 1775 854 1854 exoleverat,
879 1793 949 1838 eum
973 1772 1013 1838 de
1028 1772 1205 1857 Agrippina
1243 1771 1352 1887 &⁸²2¹

169 1878 322 1960 auditum,
353 1898 447 1960 quam
477 1878 643 1943 interfecto
666 1879 782 1944 Seiano
813 1898 869 1961 spe
899 1884 1108 1942 sustentatam
1137 1897 1204 1961 pro·
1233 1842 1316 1895 Μ’
1342 1851 1363 1888 ⁶⁴

165 1981 286 2047 vixisse
309 2003 389 2062 reor,
413 1988 444 2046 et
466 1988 634 2065 postquam
657 1981 735 2045 nihil
758 1980 798 2046 de
821 1981 955 2046 saevitia
976 1981 1204 2061 remittebatur,

165 2087 329 2151 voluntate
352 2086 536 2166 extinctam,
560 2086 622 2151 nisi
642 2087 669 2150 si
684 2086 810 2168 negatis
825 2086 984 2152 alimentis
998 2085 1205 2151 adsimulatus

166 2196 214 2256 est
228 2191 311 2272 finis,
335 2191 389 2273 qui
403 2190 564 2255 videretur
579 2197 691 2274 sponte
707 2196 859 2273 sumptus.
885 2190 1045 2256 enimvero
1059 2189 1205 2254 Tiberius

165 2293 356 2359 foedissimis
379 2294 649 2359 criminationibus
672 2294 801 2375 exarsit,
824 2293 1053 2378 impudicitiam
1068 2313 1205 2376 arguens

166 2403 197 2464 et
220 2398 364 2462 Asinium
387 2398 511 2463 Gallum
534 2398 722 2478 adulterum,
747 2399 877 2480 eiusque
893 2404 992 2462 morte
1007 2397 1050 2461 ad
1065 2395 1204 2462 taedium

166 2502 251 2567 uitae
275 2503 468 2585 conpulsam.
508 2501 565 2567 sed
587 2503 765 2587 Agrippina
787 2502 881 2583 aequi
908 2502 1079 2584 inpatiens,
1109 2500 1204 2564 domi-

169 2605 267 2669 nandi
300 2604 406 2681 avida,
440 2605 584 2671 virilibus
615 2606 697 2670 curis
727 2605 916 2670 feminarum
950 2604 1029 2668 uitia
1063 2609 1202 2668 exuerat.

166 2708 278 2774 eodem
301 2707 353 2773 die
376 2707 569 2788 defunctam,
594 2729 655 2791 quo
677 2707 807 2775 biennio
823 2701 1063 2773 'anteSeianus
1085 2727 1204 2791 poenas

165 2812 285 2893 luisset,
309 2813 540 2895 memoriaeque
563 2812 596 2877 id
619 2812 816 2897 prodendum
839 2811 963 2876 addidit
979 2812 1097 2878 Caesar
1111 2810 1205 2876 iacta-

159 2905 284 2998 ¹vitque,
308 2915 393 2998 quod
414 2936 478 2980 non
501 2917 615 2998 laqueo
639 2917 836 3000 strangulata
858 2936 962 2998 neque
985 2916 1019 2979 in
1034 2915 1205 2980 Gemonias

165 3019 305 3103 proiecta
327 3018 417 3084 foret.
441 3026 532 3085 actae
555 3021 595 3085 ob
618 3019 652 3084 id
674 3026 780 3104 grates
803 3019 1038 3102 decretumque,
1061 3025 1096 3083 ut
1118 3019 1205 3101 quiu-

167 3129 233 3191 tum
258 3122 414 3188 decimum
436 3123 500 3187 kal.
525 3124 725 3203 Novembris,
760 3124 922 3206 utriusque
945 3123 1034 3188 neeis
1057 3121 1118 3204 die,
1148 3143 1206 3206 per

166 3226 269 3292 omnis
290 3247 392 3292 annos
415 3225 532 3293 donum
555 3227 623 3291 Iovi
647 3232 831 3292 sacraretur.

252 3329 303 3393 26.
334 3329 430 3394 Haud
462 3330 560 3395 multo
594 3336 664 3414 post
698 3330 849 3396 Cocceius
883 3331 1001 3410 Nerva,
1036 3330 1203 3394 continuus
1226 3325 1368 3440 3³³¹}ffm

164 3433 309 3518 principi,
343 3434 446 3499 omnis
476 3433 576 3498 divini
605 3433 799 3516 humanique
830 3433 905 3498 iuris
935 3434 1049 3514 sciens,
1079 3432 1202 3516 integro
1221 3465 1258 3509 m
1276 3464 1377 3509 emm

166 3543 260 3619 statu,
291 3558 419 3621 corpore
449 3538 579 3618 inlaeso,
611 3536 766 3603 moriendi
793 3538 957 3603 consilium
981 3536 1073 3620 cepit.
1120 3536 1204 3618 quod
1259 3535 1338 3579 uma.

164 3647 200 3706 ut
221 3641 349 3707 Tiberio
373 3642 543 3726 cognitum,
570 3641 731 3724 adsidere,
750 3661 864 3707 causas
885 3641 1054 3724 requirere,
1086 3639 1204 3706 addere

165 3764 286 3828 preces,
309 3745 401 3810 fateri
424 3751 582 3829 postremo
604 3766 703 3829 graue
726 3745 948 3825 conscientiae,
979 3765 1077 3829 grave
1099 3744 1204 3810 famae

166 3867 252 3929 suae,
276 3849 303 3913 si
325 3847 489 3933 proximus
518 3849 691 3915 amicorum
721 3848 816 3914 nullis
846 3847 1001 3914 moriendi
1030 3847 1205 3913 rationibus
