2760 4214
44 2635 88 2682 brt
99 2637 174 2690 ttettrt

57 2707 158 2759 aestuant

40 2843 176 2898 battutas.

210 158 272 222 160
445 173 494 228 Ab
513 188 629 228 excessu
646 172 680 227 D.
694 173 818 242 Augusti
836 174 877 230 lV
896 177 1008 231 68-72.

207 349 384 429 saevitiam,
408 348 599 432 superbiam,
623 368 697 432 spes
720 348 802 432 eius;
825 369 867 414 ne
881 348 915 412 in
930 348 1094 412 Tiberium
1117 347 1249 429 quidem

207 452 350 517 convicio
362 453 510 517 abstinet.
533 451 620 533 iique
631 471 803 532 sermones,
819 458 982 533 tamquam
994 451 1094 515 vetita
1106 451 1249 517 miscuis-

206 563 287 636 sent,
309 557 445 640 speciem
462 563 552 620 artae
566 555 725 620 amicitiae
741 554 855 620 fecere.
878 575 918 619 ac
932 555 996 618 iam
1011 555 1092 619 ultro
1108 555 1251 621 Sabinus

207 681 358 743 quaerere
381 660 551 741 Latiarem,
575 659 732 724 ventitare
755 658 893 740 domum,
918 658 1042 724 dolores
1064 678 1138 724 suos
1154 660 1245 740 quasi

205 763 248 828 ad
269 763 457 829 fidissimum
480 763 612 827 deferre.

293 868 344 930 69.
378 867 566 933 Consultant
596 887 674 948 quos
703 866 887 947 memoravi,
922 886 1059 948 quonam
1090 867 1184 932 modo
1207 887 1249 933 ea

206 972 342 1056 plurium
363 970 474 1036 auditu
497 971 724 1054 acciperentur.
749 990 823 1033 nam
837 970 917 1050 loeo,
933 969 966 1034 in
983 990 1076 1052 quem
1093 971 1247 1052 coibatur,

206 1075 364 1142 servanda
386 1074 564 1140 solitudinis
587 1075 700 1159 facies5
729 1082 760 1138 et
783 1074 810 1139 si
832 1094 916 1158 pone
939 1074 1022 1139 fores
1044 1074 1247 1160 adsisterent,

206 1186 309 1244 metus
343 1180 441 1260 visus,
476 1179 598 1244 sonitus
628 1184 684 1243 aut
714 1177 794 1242 forte
824 1185 912 1242 ortae
946 1179 1134 1261 suspicionis
1168 1186 1243 1245 erat.

206 1289 323 1348 tectum
354 1284 435 1347 iuter
466 1289 498 1348 et
527 1282 689 1364 laquearia
718 1289 782 1347 tres
812 1288 985 1362 senatores,
1019 1281 1105 1346 haud
1140 1284 1248 1348 minus

205 1388 289 1472 turpi
311 1389 434 1452 latebra
457 1408 551 1470 quam
574 1386 765 1452 detestanda
787 1385 908 1467 fraude,
941 1405 1011 1451 sese
1041 1386 1243 1470 abstrudunt,

206 1492 412 1557 foraminibus
440 1497 471 1556 et
497 1491 585 1556 rimis
612 1511 721 1555 aurem
743 1489 925 1555 admovent.
963 1490 1085 1556 interea
1106 1491 1249 1557 Latiaris

205 1602 363 1680 repertum
385 1596 419 1659 in
441 1594 567 1679 publico
590 1595 754 1675 Sabinum,
781 1594 870 1658 velut
891 1613 1003 1660 recens
1025 1595 1154 1678 cognita
1175 1615 1248 1659 nar·

204 1706 339 1780 raturus,
363 1699 491 1765 domum
515 1699 601 1763 etin
625 1698 804 1762 cubiculum
827 1696 938 1762 trahit:
962 1698 1197 1782 praeteritaque
1213 1705 1249 1763 et

205 1804 366 1885 instantia,
384 1823 514 1885 quorum
526 1801 660 1867 adfatim
672 1802 772 1886 copia,
785 1821 824 1866 ac
834 1821 936 1867 novos
948 1808 1082 1868 terrores
1094 1803 1243 1868 cumulat.

205 1907 317 1972 eadem
332 1907 385 1972 ille
400 1913 432 1973 et
447 1905 575 1987 diutius,
596 1913 715 1988 quanto
730 1912 861 1988 maesta,
877 1907 933 1971 ubi
949 1907 1047 1972 semel
1062 1927 1248 1992 prorupere,

205 2010 365 2076 difficilius
387 2012 567 2076 reticentur.
591 2016 760 2094 properata
782 2009 858 2074 inde
880 2012 1050 2093 accusatio,
1074 2011 1246 2093 missisque

204 2114 247 2178 ad
270 2116 438 2180 Caesarem
468 2115 580 2179 litteris
609 2114 752 2178 ordinem
782 2113 903 2179 fraudis
930 2135 1085 2197 suumque
1107 2115 1168 2199 ipsi
1191 2114 1244 2180 de-

205 2218 303 2283 decus
324 2238 502 2283 narravere.
530 2238 595 2282 non
609 2218 689 2282 alias
704 2218 807 2301 magis
821 2219 920 2282 anxia
936 2224 968 2283 et
982 2239 1105 2303 pavens
1121 2218 1248 2301 civitas,

205 2323 254 2387 sui
284 2330 397 2407 tegens
426 2322 596 2387 adversum
625 2322 801 2406 proximos3
837 2343 1034 2406 congressae,
1066 2323 1245 2405 conloquia,

204 2433 298 2491 notae
318 2427 509 2511 ignotaeque
524 2445 617 2490 aures
632 2425 739 2510 vitari;
764 2426 861 2490 etiam
876 2431 964 2490 muta
978 2433 1074 2508 atque
1089 2426 1247 2508 inanima,

204 2537 321 2596 tectum
344 2537 377 2595 et
398 2530 535 2615 parietes
559 2529 913 2612 circumspectabantur.

291 2633 342 2699 70.
367 2632 431 2699 Sed
454 2634 573 2699 Caesar
596 2632 761 2698 sollemnia
783 2631 963 2716 incipientis
990 2633 1066 2697 anni
1093 2632 1248 2698 kalendis

31 2774 69 2820 ,ω
85 2776 186 2821 ww„
204 2737 360 2802 Ianuariis
384 2736 519 2821 epistula
539 2743 695 2820 precatuS,
719 2736 814 2800 vertit
835 2736 869 2799 in
892 2736 1056 2818 Sabinum,
1081 2743 1249 2820 corruptos

204 2839 358 2923 quosdam
380 2841 564 2905 libertorum
588 2847 620 2905 et
642 2840 776 2924 petitum
799 2859 833 2904 se
855 2860 1003 2924 arguens,
1027 2840 1247 2923 ultionemque

203 2943 290 3008 haud
322 2945 453 3009 obscure
482 2945 643 3028 poscebat.
694 2964 753 3008 nec
783 2964 870 3008 mora
901 2944 977 3026 quin
1007 2942 1246 3028 decemeretur;

204 3054 235 3112 et
264 3046 450 3113 trahebatur
480 3047 658 3129 damnatus,
689 3054 842 3130 quantum
865 3048 1003 3113 obducta
1024 3054 1113 3114 veste
1137 3055 1168 3113 et
1191 3048 1247 3113 ad-

202 3150 319 3216 strictis
346 3150 492 3217 faucibus
519 3151 578 3215 niti
600 3156 733 3235 poterat,
766 3151 934 3216 clamitans
956 3152 1003 3216 sie
1024 3150 1167 3216 inchoari
1189 3172 1244 3217 an-

203 3276 288 3335 num,
312 3254 370 3320 has
386 3255 503 3321 Seiano
526 3256 671 3320 victimas
695 3254 817 3320 eadere.
842 3275 904 3337 quo
919 3254 1109 3320 intendisset
1124 3256 1245 3339 oculos,

202 3380 264 3442 quo
288 3362 386 3426 verba
408 3359 599 3440 acciderent,
623 3359 700 3443 luga
723 3359 866 3439 vastitas,
897 3358 1001 3424 deseri
1024 3359 1139 3425 itinera
1161 3359 1244 3425 fora.

203 3471 234 3528 et
257 3463 386 3546 quidam
409 3463 670 3547 regrediebantur
693 3464 959 3545 ostentabantque
983 3483 1016 3528 se
1039 3483 1173 3544 rursum,
1209 3464 1245 3529 id

202 3569 304 3652 ipsum
327 3572 493 3651 paventes,
517 3566 601 3647 quod
624 3566 811 3632 timuissent.
856 3585 950 3648 quem
974 3566 1059 3631 enim
1082 3565 1167 3632 diem
1191 3588 1244 3632 va-

202 3693 295 3737 cuum
317 3691 430 3755 poena,
455 3670 509 3735 ubi
531 3671 614 3735 inter
636 3690 728 3735 sacra
746 3675 778 3735 et
792 3676 875 3752 vota,
901 3690 962 3752 quo
977 3677 1119 3754 ternpore
1134 3672 1246 3738 verbis

199 3776 296 3842 etiam
327 3773 470 3861 profanis
499 3774 652 3839 abstineri
682 3794 750 3839 mos
781 3780 874 3856 esset,
909 3774 1015 3840 vinela
1044 3781 1076 3840 et
1108 3774 1245 3858 laqueus

185 3881 412 3950 inducantur?
435 3902 503 3950 non
520 3878 749 3969 inprudentem
756 3878 922 3945 liberium
941 3885 1064 3943 tantam
1086 3877 1244 3945 invidiam
