2760 4214
182 169 223 233 36
430 185 479 240 Ab
497 200 611 240 excessu
628 185 662 239 D.
674 185 800 255 Augusti
817 187 831 240 Ι
849 190 959 245 ol—os.

180 363 220 426 ob
250 381 400 446 prospera
429 359 591 442 indefessi,
621 367 751 426 netum
782 360 909 443 quidem
939 368 1065 446 sumpta
1095 362 1214 445 quiete,

181 471 332 549 quantum
353 486 507 548 aquarum
527 464 643 530 circum
664 465 865 549 surgentibus
880 466 963 550 iugis
978 466 1075 532 oritur
1089 472 1216 533 vertere

180 571 213 634 in
244 570 395 650 subiecta,
429 589 595 652 mersaque
624 570 719 636 humo
749 576 781 637 et
812 571 922 636 obruto
953 571 1037 654 quod
1067 571 1215 637 effectum

180 676 283 760 operis
314 674 491 758 duplicatus
521 673 612 738 militi
642 675 740 740 labor.
779 675 1079 759 quadragensimum
1106 675 1140 739 id
1163 676 1216 740 sti-

181 778 330 864 pendium
353 777 491 844 Caecina
512 778 644 862 parendi
668 785 722 843 aut
752 778 956 864 imperitandi
985 779 1136 861 habebat,
1168 799 1215 845 se-

181 882 353 948 cundarum
376 883 657 966 ambiguarumque
679 904 782 947 rerum
805 884 908 949 sciens
929 904 1028 966 eoque
1043 884 1215 950 interritus.

104 974 106 979 ⁵
180 987 275 1072 igilur
296 986 401 1051 lutura
423 986 554 1051 volvens
576 1008 639 1051 non
662 986 748 1052 aliud
770 989 908 1072 repperit
931 1009 1025 1071 quam
1041 996 1075 1053 ut
1090 987 1215 1053 hostem

181 1091 268 1157 silvis
298 1097 464 1172 coerceret,
495 1090 595 1156 donec
624 1092 723 1156 saucii
745 1098 960 1179 quantumque
983 1092 1138 1177 gravioris
1161 1113 1217 1177 ag-

122 1208 125 1214 ·
181 1195 274 1260 minis
296 1195 465 1279 anteirent;
492 1216 567 1260 nam
590 1195 693 1260 medio
716 1196 868 1262 montium
892 1203 923 1261 et
944 1196 1096 1280 paludum
1118 1198 1217 1280 porri-

138 1364 140 1370 .
181 1300 314 1384 gebatur
343 1299 500 1385 planities,
532 1320 613 1381 quae
643 1306 771 1365 tenuem
802 1299 903 1365 aciem
933 1306 1101 1384 pateretur.
1140 1299 1218 1366 deli-

180 1411 297 1489 guntur
325 1404 466 1488 legiones
495 1405 605 1486 quinta
627 1403 739 1469 dextro
770 1404 870 1486 lateri,
901 1403 1152 1469 unetvicensima
1181 1406 1216 1470 in

180 1509 315 1590 laevum,
338 1508 474 1593 primani
497 1507 675 1574 ducendum
697 1507 739 1572 ad
762 1529 887 1592 agmen,
910 1508 1145 1575 vicensimanus
1161 1507 1217 1574 ad-

180 1633 305 1678 versum
328 1618 498 1677 secuturos.

31 1709 140 1832 ηζῖζέἷΰῑ
267 1716 318 1782 65.
349 1717 422 1780 Nox
456 1736 512 1799 per
542 1715 667 1781 diversa
700 1716 834 1797 inquies,
869 1736 939 1780 cum
969 1717 1095 1782 barbari
1124 1717 1217 1783 festis

39 1810 132 1919 qm„
181 1820 291 1904 epulis,
314 1821 397 1884 laeto
420 1826 515 1885 cantu
537 1826 592 1884 aut
614 1820 694 1885 truci
717 1840 828 1886 sonore
851 1820 994 1886 subiecta
1022 1821 1152 1886 vallium
1174 1842 1214 1888 ac

16 1936 156 1990 assessus.
180 1924 360 1989 resultantis
383 1924 481 1988 saltus
504 1924 705 2008 complerent,
728 1923 814 2008 apud
833 1926 991 1990 Romanos
1014 1924 1146 1989 invalidi
1170 1926 1216 2010 ig-

181 2039 247 2100 nes,
270 2019 462 2103 interruptae
478 2039 581 2100 voces,
601 2026 697 2101 atque
712 2019 773 2104 ipsi
788 2020 907 2104 passim
923 2018 1105 2086 adiacerent
1119 2022 1215 2103 uallo,

180 2124 363 2188 oberrarent
392 2123 543 2203 tentoriis,
577 2122 738 2188 insomnes
771 2123 874 2208 magis
907 2144 1002 2206 quam
1031 2125 1212 2209 pervigiles.

180 2227 356 2309 ducemque
389 2227 498 2292 terruit
532 2227 601 2291 dira
634 2218 735 2309 quies:
771 2248 844 2292 nam
878 2227 1063 2304 Quintilium
1093 2229 1214 2294 Varum

181 2331 335 2415 sanguine
357 2331 488 2396 oblitum
508 2337 540 2395 et
554 2330 723 2415 paludibus
739 2352 895 2396 emersum
911 2352 1039 2397 cernere
1057 2337 1088 2396 et
1103 2332 1215 2398 audire

180 2437 267 2501 visus
290 2441 337 2500 est
352 2437 438 2500 velut
453 2441 628 2516 vocantem,
652 2456 714 2500 non
731 2443 838 2501 tamen
853 2437 1020 2501 obsecutus
1036 2443 1068 2501 et
1083 2457 1215 2502 manum

180 2539 372 2607 intendentis
402 2540 586 2624 reppulisse.
626 2546 737 2624 coepta
763 2541 832 2605 luce
856 2541 971 2606 missae
994 2541 1026 2604 in
1050 2542 1150 2605 latera
1172 2541 1215 2606 le·

179 2645 299 2729 gioneS,
333 2651 419 2709 metu
452 2664 494 2709 an
529 2644 734 2725 contumacia,
768 2645 872 2709 locum
905 2645 1082 2726 deseruere,
1118 2651 1214 2730 capto

179 2769 311 2833 propere
342 2769 453 2832 campo
483 2749 623 2812 umentia
652 2748 741 2813 ultra.
787 2768 890 2830 neque
920 2756 1026 2814 tamen
1049 2750 1214 2815 Arminius

180 2874 370 2934 quamquam
392 2853 491 2917 libero
514 2851 640 2916 incursu
656 2852 761 2916 statim
777 2852 926 2937 prorupit.
959 2853 1016 2918 sed
1031 2859 1066 2918 ut
1080 2852 1215 2919 haesere

181 2977 278 3023 caeno
301 2955 457 3038 fossisque
479 2955 715 3039 impedimenta,
739 2956 856 3020 turbati
880 2956 996 3021 circum
1019 2957 1144 3038 milites,
1168 2959 1215 3023 in-

182 3067 283 3125 certus
305 3060 465 3142 signorum
488 3058 573 3139 ordo,
596 3065 692 3141 utque
715 3059 769 3123 tali
793 3060 825 3123 in
847 3067 988 3144 tempore
1004 3061 1064 3126 sibi
1079 3061 1215 3144 quisque

181 3183 331 3248 properus
354 3169 385 3227 et
407 3163 513 3228 lentae
539 3161 708 3228 adversum
735 3163 867 3247 imperia
898 3184 1000 3245 aures,
1032 3164 1215 3250 inrumpere

181 3268 353 3333 Germanos
383 3267 479 3346 iubet,
510 3267 675 3331 clamitans
717 3287 755 3331 eu
778 3268 881 3332 Varus
904 3267 1077 3350 eodemque
1099 3269 1215 3334 iterum

181 3371 245 3436 fato
268 3372 393 3436 vinctae
415 3367 581 3454 legionesl’
609 3371 702 3435 simul
721 3370 800 3434 haec
817 3376 934 3435 etcum
950 3370 1081 3436 delectis
1097 3370 1217 3437 scindit

180 3496 295 3560 agmen
324 3475 473 3557 equisque
501 3475 639 3539 maxime
665 3474 796 3539 vulnera
819 3475 943 3558 ingerit.
982 3475 1027 3539 illi
1058 3476 1216 3560 sanguine

181 3599 236 3644 suo
270 3586 300 3644 et
334 3578 451 3643 lubrico
485 3577 635 3661 paludum
669 3579 831 3663 lapsantes
865 3578 1006 3644 excussis
1040 3579 1216 3645 rectoribus

181 3683 312 3748 disicere
333 3682 452 3763 obvios,
476 3689 634 3766 proterere
649 3683 797 3747 iacentes
825 3683 977 3767 plurimus
993 3683 1076 3749 circa
1091 3683 1216 3767 aquilas

180 3787 276 3870 labor,
300 3806 380 3868 quae
403 3805 506 3868 neque
528 3786 602 3852 ferri
624 3787 792 3853 adversum
815 3787 994 3872 ingruentia
1020 3788 1083 3853 tela
1110 3807 1216 3870 neque

174 3891 232 3974 rigi
251 3891 365 3958 limosa
387 3889 483 3958 brimo
506 3898 660 3978 poteraut.
689 3891 826 3958 Caecina
839 3890 914 3956 dum
931 3897 1086 3956 sustentat
1100 3890 1216 3974 aciem,
