2760 4214
138 107 157 172 8
389 123 438 178 Ab
458 139 574 179 excessu
592 125 625 180 D.
640 125 764 194 Augusti
784 126 797 179 I
818 129 928 183 10-13.

137 305 296 387 postremo
315 299 416 363 'Livia
443 298 551 383 gravis
580 300 613 364 in
643 321 710 365 rem
740 300 901 385 publicam
929 308 1039 383 mater,
1069 302 1179 386 gravis
1229 330 1232 335 ²

138 401 245 467 domui
258 403 429 469 Caesarum
441 423 587 468 noverca.
609 403 688 468 nihil
700 404 829 489 deorum
840 406 1012 471 honon'bus
1023 406 1178 487 relictum,

138 527 209 572 cum
237 529 272 574 se
300 508 428 592 templis
455 514 487 573 et
510 508 618 591 effigie
641 510 806 574 numinum
829 531 886 594 per
909 509 1054 576 flamines
1077 517 1109 575 et
1131 531 1178 576 sa·

138 610 282 677 cerdotes
305 612 365 676 coli
388 613 492 676 vellet.
516 633 557 677 ne
572 613 734 678 Tiberium
756 612 883 694 quidem
904 614 1036 679 caritate
1056 621 1112 679 aut
1131 615 1178 679 rei

138 717 284 800 publicae
315 737 390 781 cura
419 736 633 782 successorem
662 716 830 798 adscitum,
861 718 918 783 sed
949 719 1098 800 quoniam
1125 718 1179 783 ad-

138 821 317 906 rogantiam
340 821 570 904 saevitiamque
593 823 661 887 eius
683 822 917 906 introspexerit,
941 823 1178 907 comparatione

138 924 307 990 deterrima
319 924 378 990 sibi
390 925 522 1008 gloriam
537 926 742 1007 quaesivisse.
765 927 880 991 etenim
893 929 1056 1010 Augustus
1067 927 1178 1011 paucis

138 1035 213 1093 ante
234 1029 338 1109 annis,
362 1049 433 1093 cum
455 1030 582 1095 Tiberio
605 1030 806 1094 tribuniciam
830 1036 1019 1115 potestatem
1041 1051 1062 1095 a
1084 1030 1178 1115 patri·

138 1135 197 1198 bus
212 1154 335 1198 rursum
351 1134 533 1217 postularet,
559 1155 751 1216 quamquam
771 1133 890 1199 honora
906 1135 1058 1216 oratione,
1083 1155 1177 1216 quae·

138 1237 213 1303 dam
240 1238 280 1303 de
307 1237 419 1302 habitu
446 1239 594 1321 cultuque
618 1245 650 1303 et
672 1239 825 1304 inst'tutis
848 1239 916 1305 eius
938 1240 1064 1321 iecerat,
1096 1258 1178 1321 quae

138 1343 226 1408 velut
256 1341 439 1407 excusando
469 1344 683 1427 exprobraret.
730 1349 869 1408 ceterum
900 1344 1062 1427 sepultura
1091 1362 1179 1408 more

138 1446 280 1531 perfecta
303 1448 456 1531 templum
479 1453 511 1511 et
534 1447 687 1511 caelestes
709 1446 878 1530 religiones
900 1445 1122 1511 decernuntur.

245 1551 293 1615 11.
318 1551 437 1615 Versae
459 1549 534 1613 inde
556 1548 599 1614 ad
621 1550 783 1615 Tiberium
806 1571 924 1635 preces.
961 1558 992 1614 et
1014 1551 1068 1615 ille
1091 1551 1178 1615 varie

139 1655 316 1721 disserebat
338 1654 378 1718 de
401 1654 621 1738 magnitudine
644 1655 778 1739 imperii,
803 1675 860 1720 sua
882 1655 1046 1720 modestia.
1079 1653 1179 1720 solam

139 1760 205 1824 divi
220 1759 356 1843 Augusti
377 1765 517 1822 mentem
536 1765 645 1823 tantae
661 1758 752 1824 molis
768 1779 932 1843 capacem:
956 1779 990 1824 se
1006 1759 1039 1822 in
1055 1764 1179 1842 partem

97 1864 104 1879 ’
140 1883 284 1928 curarum
312 1863 352 1927 ab
381 1862 433 1926 illo
456 1869 603 1927 vocatum
627 1863 821 1946 experiendo
844 1862 993 1928 didicisse
1017 1883 1111 1944 quam
1132 1882 1179 1926 ar·

1 3724 59 3770 tutat
70 3725 124 3770 mtto

24 3791 111 3847 tibba

11 3863 85 3915 abacto

138 1967 246 2047 duum,
278 1986 373 2047 quam
404 1966 580 2031 subiectum
609 1967 755 2032 fortunae
785 1966 917 2051 regendi
948 1973 1062 2032 cuncta
1088 1986 1177 2032 onus.

139 2069 272 2155 proinde
299 2069 333 2134 in
362 2069 490 2134 civitate
513 2077 559 2134 tot
581 2071 768 2136 inlustribus
790 2071 867 2135 viris
890 2070 1028 2135 subnixa
1050 2090 1114 2134 non
1137 2068 1180 2134 ad

140 2195 237 2240 unum
266 2175 373 2238 omnia
399 2173 570 2239 deferrent:
604 2175 711 2259 plures
733 2174 858 2240 facilius
881 2175 990 2239 munia
1011 2175 1058 2240 rei
1080 2174 1179 2259 publi·

141 2299 197 2344 cae
221 2278 532 2344 sociatis'laboribus
555 2285 769 2344 exsecuturos.
808 2279 879 2363 plus
902 2279 935 2342 in
958 2278 1100 2345 oratione
1122 2277 1178 2342 tali

141 2382 305 2468 dignitatis
333 2402 427 2463 quam
454 2380 530 2445 fidei
557 2388 639 2467 erat,
673 2382 863 2463 Tiberioque
891 2382 987 2446 etiam
1013 2382 1046 2445 in
1073 2381 1178 2461 rebus,

140 2509 219 2572 quas
234 2508 299 2552 non
314 2487 479 2568 occuleret,
504 2507 560 2553 seu
574 2493 688 2551 natura
703 2487 771 2552 sive
786 2484 1007 2565 adsuetudine,
1024 2504 1179 2568 suspensa

140 2613 266 2676 semper
292 2597 324 2656 et
350 2592 484 2657 obscura
511 2591 622 2656 verba:
653 2597 729 2656 tunc
756 2611 832 2657 vero
855 2591 978 2672 nitenti,
1009 2596 1044 2654 ut
1067 2608 1180 2654 sensus

141 2717 214 2762 suos
241 2695 368 2780 penitus
394 2693 537 2776 abderet,
567 2696 600 2759 in
629 2695 783 2760 incertum
811 2701 842 2760 et
869 2694 1054 2778 ambiguum
1077 2692 1180 2776 magis

139 2801 392 2884 implicabantur.
438 2806 471 2862 at
493 2806 610 2883 patres,
634 2799 748 2882 quibus
770 2819 853 2864 unus
876 2804 988 2879 metus,
1012 2797 1038 2862 si
1061 2796 1180 2861 intelle·

140 2922 216 2988 gere
245 2902 436 2984 viderentur,
467 2903 502 2967 in
532 2910 661 2985 questus
690 2903 836 2968 lacrimas
866 2909 942 2968 vota
967 2899 1107 2985 effundi,
1137 2899 1180 2964 ad

140 3007 227 3088 deos,
255 3005 298 3071 ad
324 3006 464 3090 effigiem
486 3007 632 3091 Augusti,
660 3006 702 3071 ad
729 3027 836 3091 genua
857 3007 957 3091 ipsius
979 3025 1092 3070 manus
1114 3011 1179 3070 ten*

141 3110 225 3194 dere,
247 3130 318 3175 cum
337 3110 470 3195 proferri
490 3110 630 3175 libellum
649 3110 839 3193 recitarique
854 3110 953 3176 iussit.
989 3129 1065 3194 opes
1079 3108 1179 3193 publi-

142 3235 198 3280 cae
215 3214 467 3295 continebantur,
488 3220 641 3296 quantum
657 3214 775 3278 civium
791 3215 1009 3296 sociorumque
1024 3215 1056 3277 in
1072 3212 1179 3293 armis,

142 3324 218 3401 quot
237 3319 365 3400 classes,
389 3339 497 3402 regna,
521 3318 713 3402 provinciae,
735 3318 854 3384 tributa
872 3323 928 3382 aut
947 3317 1124 3401 vectigalia,
1149 3321 1180 3380 et

141 3421 348 3488 necessitates
370 3443 409 3487 ae
432 3422 624 3506 largitiones.
670 3443 752 3504 quae
776 3429 890 3487 cuncta
912 3443 971 3487 sua
993 3442 1089 3487 manu
1112 3439 1180 3505 per-

142 3526 311 3611 scripserat
344 3529 507 3610 Augustus
544 3525 777 3609 addideratque
815 3525 980 3591 consilium
1014 3523 1179 3590 coercendi

142 3631 226 3695 intra
248 3631 398 3696 terminos
421 3631 556 3715 imperii,
584 3632 739 3696 incertum
763 3638 849 3695 metu
871 3650 914 3694 an
936 3651 993 3714 per
1014 3628 1178 3694 invidiam.

249 3734 298 3798 12.
322 3736 410 3799 Inter
429 3756 510 3817 quae
531 3741 643 3799 senatu
663 3735 705 3798 ad
724 3734 851 3799 infimas
871 3733 1097 3799 obtestationes
1113 3754 1180 3816 pro-

143 3838 321 3918 cumbente,
349 3837 431 3902 dixit
458 3840 539 3905 forte
562 3839 710 3904 Tiberius
732 3859 767 3904 se
790 3844 824 3902 ut
847 3858 910 3903 non
933 3838 990 3902 toti
1013 3837 1059 3901 rei
1081 3837 1180 3920 publi·
