<?xml version="1.0" encoding="UTF-8"?>
<!DOCTYPE html PUBLIC "-//W3C//DTD XHTML 1.0 Transitional//EN"
    "http://www.w3.org/TR/xhtml1/DTD/xhtml1-transitional.dtd">
<html xmlns="http://www.w3.org/1999/xhtml" xml:lang="en" lang="en">
 <head>
  <title>
</title>
<meta http-equiv="Content-Type" content="text/html;charset=utf-8" />
  <meta name='ocr-system' content='tesseract 3.04.00' />
  <meta name='ocr-capabilities' content='ocr_page ocr_carea ocr_par ocr_line ocrx_word'/>
</head>
<body>
  <div class='ocr_page' id='page_1' title='image "./annalen00tacigoog_0033.png"; bbox 0 0 2760 4214; ppageno 0'>
   <div class='ocr_carea' id='block_1_1' title="bbox 501 116 1200 202">
    <p class='ocr_par' dir='ltr' id='par_1_1' title="bbox 501 116 1200 202">
     <span class='ocr_line' id='line_1_1' title="bbox 501 116 1200 202; baseline 0 -14"><span class='ocrx_word' id='word_1_1' title='bbox 501 150 525 189; x_wconf 75' lang='lat' dir='ltr'>a.</span> <span class='ocrx_word' id='word_1_2' title='bbox 541 135 572 190; x_wconf 87' lang='lat' dir='ltr'>u.</span> <span class='ocrx_word' id='word_1_3' title='bbox 586 149 609 188; x_wconf 77' lang='lat' dir='ltr'>a</span> <span class='ocrx_word' id='word_1_4' title='bbox 622 137 681 190; x_wconf 77' lang='lat' dir='ltr'>tou</span> <span class='ocrx_word' id='word_1_5' title='bbox 708 150 735 202; x_wconf 85' lang='lat' dir='ltr'>p.</span> <span class='ocrx_word' id='word_1_6' title='bbox 748 132 811 188; x_wconf 82' lang='lat' dir='ltr'>chr.</span> <span class='ocrx_word' id='word_1_7' title='bbox 826 137 866 189; x_wconf 83' lang='lat'>14.</span> <span class='ocrx_word' id='word_1_8' title='bbox 1162 116 1200 178; x_wconf 87' lang='lat'>11</span> 
     </span>
    </p>
   </div>
   <div class='ocr_carea' id='block_1_2' title="bbox 163 307 1380 3825">
    <p class='ocr_par' dir='ltr' id='par_1_2' title="bbox 163 307 1203 687">
     <span class='ocr_line' id='line_1_2' title="bbox 163 307 1201 393; baseline -0.002 -20"><span class='ocrx_word' id='word_1_9' title='bbox 163 310 295 390; x_wconf 89' lang='lat' dir='ltr'>aerario,</span> <span class='ocrx_word' id='word_1_10' title='bbox 329 316 427 391; x_wconf 91' lang='lat' dir='ltr'>utque</span> <span class='ocrx_word' id='word_1_11' title='bbox 460 329 517 393; x_wconf 91' lang='lat' dir='ltr'>per</span> <span class='ocrx_word' id='word_1_12' title='bbox 547 309 664 374; x_wconf 93' lang='lat' dir='ltr'>circum</span> <span class='ocrx_word' id='word_1_13' title='bbox 694 307 876 392; x_wconf 90' lang='lat' dir='ltr'>triumphali</span> <span class='ocrx_word' id='word_1_14' title='bbox 906 315 996 373; x_wconf 86' lang='lat' dir='ltr'>veste</span> <span class='ocrx_word' id='word_1_15' title='bbox 1026 314 1201 372; x_wconf 88' lang='lat' dir='ltr'>uterentur:</span> 
     </span>
     <span class='ocr_line' id='line_1_3' title="bbox 164 409 1203 496; baseline -0.004 -19"><span class='ocrx_word' id='word_1_16' title='bbox 164 433 257 478; x_wconf 89' lang='lat' dir='ltr'>curru</span> <span class='ocrx_word' id='word_1_17' title='bbox 282 412 358 477; x_wconf 87' lang='lat' dir='ltr'>vehi</span> <span class='ocrx_word' id='word_1_18' title='bbox 384 412 471 476; x_wconf 91' lang='lat' dir='ltr'>haud</span> <span class='ocrx_word' id='word_1_19' title='bbox 496 413 694 496; x_wconf 89' lang='lat' dir='ltr'>permissum.</span> <span class='ocrx_word' id='word_1_20' title='bbox 741 431 816 476; x_wconf 81' lang='lat' dir='ltr'>mox</span> <span class='ocrx_word' id='word_1_21' title='bbox 840 412 1009 477; x_wconf 80' lang='lat' dir='ltr'>celebratio</span> <span class='ocrx_word' id='word_1_22' title='bbox 1031 430 1139 475; x_wconf 92' lang='lat' dir='ltr'>annua</span> <span class='ocrx_word' id='word_1_23' title='bbox 1160 409 1203 474; x_wconf 92' lang='lat' dir='ltr'>ad</span> 
     </span>
     <span class='ocr_line' id='line_1_4' title="bbox 164 514 1203 602; baseline -0.003 -21"><span class='ocrx_word' id='word_1_24' title='bbox 164 523 342 602; x_wconf 85' lang='lat' dir='ltr'><strong>praetorem</strong></span> <span class='ocrx_word' id='word_1_25' title='bbox 369 517 530 598; x_wconf 89' lang='lat' dir='ltr'>translata,</span> <span class='ocrx_word' id='word_1_26' title='bbox 560 516 609 581; x_wconf 89' lang='lat' dir='ltr'>cui</span> <span class='ocrx_word' id='word_1_27' title='bbox 636 517 719 581; x_wconf 90' lang='lat' dir='ltr'>inter·</span> <span class='ocrx_word' id='word_1_28' title='bbox 746 516 833 581; x_wconf 85' lang='lat' dir='ltr'>cives</span> <span class='ocrx_word' id='word_1_29' title='bbox 856 522 888 579; x_wconf 91' lang='lat' dir='ltr'>et</span> <span class='ocrx_word' id='word_1_30' title='bbox 910 515 1094 600; x_wconf 90' lang='lat' dir='ltr'>peregrinos</span> <span class='ocrx_word' id='word_1_31' title='bbox 1115 514 1203 578; x_wconf 89' lang='lat' dir='ltr'>iuris-</span> 
     </span>
     <span class='ocr_line' id='line_1_5' title="bbox 165 621 862 687; baseline 0.001 -2"><span class='ocrx_word' id='word_1_32' title='bbox 165 621 261 687; x_wconf 83' lang='lat' dir='ltr'>dictio</span> <span class='ocrx_word' id='word_1_33' title='bbox 284 621 452 687; x_wconf 86' lang='lat' dir='ltr'>evenissct.</span> <span class='ocrx_word' id='word_1_34' title='bbox 860 632 862 635; x_wconf 80' lang='grc'>’</span> 
     </span>
    </p>

    <p class='ocr_par' dir='ltr' id='par_1_3' title="bbox 164 721 1368 2371">
     <span class='ocr_line' id='line_1_6' title="bbox 273 721 1368 844; baseline 0 -56"><span class='ocrx_word' id='word_1_35' title='bbox 273 726 321 789; x_wconf 87' lang='grc'>16.</span> <span class='ocrx_word' id='word_1_36' title='bbox 345 726 406 790; x_wconf 90' lang='lat' dir='ltr'>Hic</span> <span class='ocrx_word' id='word_1_37' title='bbox 428 745 532 790; x_wconf 90' lang='lat' dir='ltr'>rerum</span> <span class='ocrx_word' id='word_1_38' title='bbox 545 727 747 790; x_wconf 88' lang='lat' dir='ltr'>urbanarum</span> <span class='ocrx_word' id='word_1_39' title='bbox 770 731 871 791; x_wconf 90' lang='lat' dir='ltr'>status</span> <span class='ocrx_word' id='word_1_40' title='bbox 894 731 971 806; x_wconf 89' lang='lat' dir='ltr'>erat,</span> <span class='ocrx_word' id='word_1_41' title='bbox 995 744 1066 788; x_wconf 91' lang='lat' dir='ltr'>cum</span> <span class='ocrx_word' id='word_1_42' title='bbox 1082 724 1203 788; x_wconf 92' lang='lat' dir='ltr'>Panno·</span> <span class='ocrx_word' id='word_1_43' title='bbox 1231 721 1368 844; x_wconf 47' lang='lat' dir='ltr'>uffllg&#39;bl&#39;2n</span> 
     </span>
     <span class='ocr_line' id='line_1_7' title="bbox 166 827 1367 914; baseline -0.003 -20"><span class='ocrx_word' id='word_1_44' title='bbox 166 830 255 895; x_wconf 88' lang='lat' dir='ltr'>nicas</span> <span class='ocrx_word' id='word_1_45' title='bbox 282 830 423 913; x_wconf 82' lang='lat' dir='ltr'>legiones</span> <span class='ocrx_word' id='word_1_46' title='bbox 450 829 563 895; x_wconf 89' lang='lat' dir='ltr'>seditio</span> <span class='ocrx_word' id='word_1_47' title='bbox 590 829 730 909; x_wconf 80' lang='lat' dir='ltr'>incessit,</span> <span class='ocrx_word' id='word_1_48' title='bbox 761 830 856 894; x_wconf 91' lang='lat' dir='ltr'>nullis</span> <span class='ocrx_word' id='word_1_49' title='bbox 882 829 1110 908; x_wconf 74' lang='lat' dir='ltr'>noviscausis,</span> <span class='ocrx_word' id='word_1_50' title='bbox 1142 827 1203 892; x_wconf 91' lang='lat' dir='ltr'>nisi</span> <span class='ocrx_word' id='word_1_51' title='bbox 1230 860 1367 914; x_wconf 71' lang='lat' dir='ltr'>ansanum.</span> 
     </span>
     <span class='ocr_line' id='line_1_8' title="bbox 167 931 1204 1017; baseline -0.005 -18"><span class='ocrx_word' id='word_1_52' title='bbox 167 933 252 1016; x_wconf 91' lang='lat' dir='ltr'>quod</span> <span class='ocrx_word' id='word_1_53' title='bbox 278 939 417 998; x_wconf 91' lang='lat' dir='ltr'>mutatus</span> <span class='ocrx_word' id='word_1_54' title='bbox 444 933 592 1017; x_wconf 89' lang='lat' dir='ltr'>princeps</span> <span class='ocrx_word' id='word_1_55' title='bbox 618 933 780 997; x_wconf 87' lang='lat' dir='ltr'>licentiam</span> <span class='ocrx_word' id='word_1_56' title='bbox 809 935 969 998; x_wconf 90' lang='lat' dir='ltr'>turbarum</span> <span class='ocrx_word' id='word_1_57' title='bbox 996 938 1028 996; x_wconf 92' lang='lat' dir='ltr'>et</span> <span class='ocrx_word' id='word_1_58' title='bbox 1055 953 1096 997; x_wconf 82' lang='lat' dir='ltr'>ex</span> <span class='ocrx_word' id='word_1_59' title='bbox 1119 931 1204 996; x_wconf 89' lang='lat' dir='ltr'>civili</span> 
     </span>
     <span class='ocr_line' id='line_1_9' title="bbox 165 1036 1204 1122; baseline -0.003 -19"><span class='ocrx_word' id='word_1_60' title='bbox 165 1039 248 1103; x_wconf 89' lang='lat' dir='ltr'>bello</span> <span class='ocrx_word' id='word_1_61' title='bbox 271 1058 360 1121; x_wconf 90' lang='lat' dir='ltr'>spem</span> <span class='ocrx_word' id='word_1_62' title='bbox 383 1038 594 1122; x_wconf 90' lang='lat' dir='ltr'>praemiorum</span> <span class='ocrx_word' id='word_1_63' title='bbox 616 1036 812 1102; x_wconf 84' lang='lat' dir='ltr'>ostendebat.</span> <span class='ocrx_word' id='word_1_64' title='bbox 853 1037 964 1102; x_wconf 88' lang='lat' dir='ltr'>castris</span> <span class='ocrx_word' id='word_1_65' title='bbox 987 1036 1117 1101; x_wconf 90' lang='lat' dir='ltr'>aestivis</span> <span class='ocrx_word' id='word_1_66' title='bbox 1140 1042 1204 1100; x_wconf 88' lang='lat' dir='ltr'>tres</span> 
     </span>
     <span class='ocr_line' id='line_1_10' title="bbox 164 1140 1203 1226; baseline -0.003 -19"><span class='ocrx_word' id='word_1_67' title='bbox 164 1142 257 1207; x_wconf 91' lang='lat' dir='ltr'>simul</span> <span class='ocrx_word' id='word_1_68' title='bbox 276 1142 418 1226; x_wconf 84' lang='lat' dir='ltr'>legiones</span> <span class='ocrx_word' id='word_1_69' title='bbox 439 1141 649 1222; x_wconf 87' lang='lat' dir='ltr'>habebantur,</span> <span class='ocrx_word' id='word_1_70' title='bbox 666 1140 875 1225; x_wconf 69' lang='lat' dir='ltr'>‚praesidente</span> <span class='ocrx_word' id='word_1_71' title='bbox 894 1141 987 1207; x_wconf 94' lang='lat' dir='ltr'>lunio</span> <span class='ocrx_word' id='word_1_72' title='bbox 1002 1142 1126 1222; x_wconf 85' lang='lat' dir='ltr'>Blaeso,</span> <span class='ocrx_word' id='word_1_73' title='bbox 1151 1140 1203 1221; x_wconf 95' lang='lat' dir='ltr'>qui</span> 
     </span>
     <span class='ocr_line' id='line_1_11' title="bbox 165 1244 1206 1328; baseline -0.003 -18"><span class='ocrx_word' id='word_1_74' title='bbox 165 1245 230 1310; x_wconf 87' lang='lat' dir='ltr'>fine</span> <span class='ocrx_word' id='word_1_75' title='bbox 257 1245 393 1328; x_wconf 82' lang='lat' dir='ltr'>Augusti</span> <span class='ocrx_word' id='word_1_76' title='bbox 424 1252 456 1309; x_wconf 92' lang='lat' dir='ltr'>et</span> <span class='ocrx_word' id='word_1_77' title='bbox 485 1245 584 1310; x_wconf 90' lang='lat' dir='ltr'>initiis</span> <span class='ocrx_word' id='word_1_78' title='bbox 611 1245 730 1310; x_wconf 81' lang='lat' dir='ltr'>Tiberii</span> <span class='ocrx_word' id='word_1_79' title='bbox 757 1244 874 1310; x_wconf 90' lang='lat' dir='ltr'>auditis</span> <span class='ocrx_word' id='word_1_80' title='bbox 901 1247 941 1310; x_wconf 95' lang='lat' dir='ltr'>ob</span> <span class='ocrx_word' id='word_1_81' title='bbox 969 1245 1123 1310; x_wconf 90' lang='lat' dir='ltr'>iustitium</span> <span class='ocrx_word' id='word_1_82' title='bbox 1150 1251 1206 1308; x_wconf 92' lang='lat' dir='ltr'>aut</span> 
     </span>
     <span class='ocr_line' id='line_1_12' title="bbox 167 1349 1206 1434; baseline 0 -20"><span class='ocrx_word' id='word_1_83' title='bbox 167 1349 319 1434; x_wconf 94' lang='lat' dir='ltr'>gaudium</span> <span class='ocrx_word' id='word_1_84' title='bbox 341 1350 553 1415; x_wconf 88' lang='lat' dir='ltr'>intermiserat</span> <span class='ocrx_word' id='word_1_85' title='bbox 572 1351 664 1415; x_wconf 88' lang='lat' dir='ltr'>solita</span> <span class='ocrx_word' id='word_1_86' title='bbox 684 1350 802 1414; x_wconf 92' lang='lat' dir='ltr'>munia.</span> <span class='ocrx_word' id='word_1_87' title='bbox 827 1370 864 1416; x_wconf 92' lang='lat' dir='ltr'>co</span> <span class='ocrx_word' id='word_1_88' title='bbox 884 1350 1040 1434; x_wconf 88' lang='lat' dir='ltr'>principio</span> <span class='ocrx_word' id='word_1_89' title='bbox 1060 1349 1206 1414; x_wconf 89' lang='lat' dir='ltr'>lascivire</span> 
     </span>
     <span class='ocr_line' id='line_1_13' title="bbox 168 1453 1206 1539; baseline -0.002 -21"><span class='ocrx_word' id='word_1_90' title='bbox 168 1455 269 1536; x_wconf 88' lang='lat' dir='ltr'>miles,</span> <span class='ocrx_word' id='word_1_91' title='bbox 292 1453 483 1535; x_wconf 88' lang='lat' dir='ltr'>discordare,</span> <span class='ocrx_word' id='word_1_92' title='bbox 507 1454 637 1539; x_wconf 91' lang='lat' dir='ltr'>pessimi</span> <span class='ocrx_word' id='word_1_93' title='bbox 661 1455 812 1536; x_wconf 90' lang='lat' dir='ltr'>cuiusque</span> <span class='ocrx_word' id='word_1_94' title='bbox 835 1454 1032 1519; x_wconf 87' lang='lat' dir='ltr'>sermonibus</span> <span class='ocrx_word' id='word_1_95' title='bbox 1053 1455 1206 1537; x_wconf 89' lang='lat' dir='ltr'>praebere</span> 
     </span>
     <span class='ocr_line' id='line_1_14' title="bbox 167 1557 1207 1643; baseline -0.002 -21"><span class='ocrx_word' id='word_1_96' title='bbox 167 1579 271 1639; x_wconf 76' lang='lat' dir='ltr'>aureS,</span> <span class='ocrx_word' id='word_1_97' title='bbox 302 1557 440 1641; x_wconf 89' lang='lat' dir='ltr'>denique</span> <span class='ocrx_word' id='word_1_98' title='bbox 466 1559 577 1623; x_wconf 83' lang='lat' dir='ltr'>lunum</span> <span class='ocrx_word' id='word_1_99' title='bbox 605 1565 637 1625; x_wconf 89' lang='lat' dir='ltr'>et</span> <span class='ocrx_word' id='word_1_100' title='bbox 663 1559 762 1623; x_wconf 94' lang='lat' dir='ltr'>otium</span> <span class='ocrx_word' id='word_1_101' title='bbox 790 1579 915 1643; x_wconf 86' lang='lat' dir='ltr'>cupere,</span> <span class='ocrx_word' id='word_1_102' title='bbox 948 1557 1148 1642; x_wconf 87' lang='lat' dir='ltr'>disciplinam</span> <span class='ocrx_word' id='word_1_103' title='bbox 1175 1564 1207 1621; x_wconf 91' lang='lat' dir='ltr'>et</span> 
     </span>
     <span class='ocr_line' id='line_1_15' title="bbox 168 1661 1206 1746; baseline -0.002 -20"><span class='ocrx_word' id='word_1_104' title='bbox 168 1663 309 1728; x_wconf 87' lang='lat' dir='ltr'>laborem</span> <span class='ocrx_word' id='word_1_105' title='bbox 336 1663 508 1746; x_wconf 89' lang='lat' dir='ltr'>aspernari.</span> <span class='ocrx_word' id='word_1_106' title='bbox 555 1670 623 1727; x_wconf 89' lang='lat' dir='ltr'>erat</span> <span class='ocrx_word' id='word_1_107' title='bbox 650 1663 683 1727; x_wconf 95' lang='lat' dir='ltr'>in</span> <span class='ocrx_word' id='word_1_108' title='bbox 712 1663 824 1728; x_wconf 89' lang='lat' dir='ltr'>castris</span> <span class='ocrx_word' id='word_1_109' title='bbox 847 1662 1039 1728; x_wconf 87' lang='lat' dir='ltr'>Percennius</span> <span class='ocrx_word' id='word_1_110' title='bbox 1068 1661 1206 1744; x_wconf 89' lang='lat' dir='ltr'>quidam,</span> 
     </span>
     <span class='ocr_line' id='line_1_16' title="bbox 169 1765 1206 1851; baseline -0.002 -21"><span class='ocrx_word' id='word_1_111' title='bbox 169 1766 236 1830; x_wconf 85' lang='lat' dir='ltr'>dux</span> <span class='ocrx_word' id='word_1_112' title='bbox 265 1767 340 1831; x_wconf 92' lang='lat' dir='ltr'>olim</span> <span class='ocrx_word' id='word_1_113' title='bbox 369 1766 572 1831; x_wconf 87' lang='lat' dir='ltr'>theatralium</span> <span class='ocrx_word' id='word_1_114' title='bbox 598 1787 775 1851; x_wconf 88' lang='lat' dir='ltr'>operarum,</span> <span class='ocrx_word' id='word_1_115' title='bbox 806 1766 881 1831; x_wconf 92' lang='lat' dir='ltr'>dein</span> <span class='ocrx_word' id='word_1_116' title='bbox 911 1765 1075 1851; x_wconf 88' lang='lat' dir='ltr'>gregarius</span> <span class='ocrx_word' id='word_1_117' title='bbox 1106 1765 1206 1845; x_wconf 92' lang='lat' dir='ltr'>miles,</span> 
     </span>
     <span class='ocr_line' id='line_1_17' title="bbox 169 1868 1206 1954; baseline -0.002 -19"><span class='ocrx_word' id='word_1_118' title='bbox 169 1890 288 1954; x_wconf 83' lang='lat' dir='ltr'>procax</span> <span class='ocrx_word' id='word_1_119' title='bbox 307 1870 418 1954; x_wconf 92' lang='lat' dir='ltr'>lingua</span> <span class='ocrx_word' id='word_1_120' title='bbox 438 1878 469 1935; x_wconf 92' lang='lat' dir='ltr'>et</span> <span class='ocrx_word' id='word_1_121' title='bbox 488 1871 622 1936; x_wconf 88' lang='lat' dir='ltr'>miscere</span> <span class='ocrx_word' id='word_1_122' title='bbox 643 1877 750 1936; x_wconf 91' lang='lat' dir='ltr'>coetus</span> <span class='ocrx_word' id='word_1_123' title='bbox 770 1870 946 1936; x_wconf 89' lang='lat' dir='ltr'>histrionali</span> <span class='ocrx_word' id='word_1_124' title='bbox 966 1869 1070 1935; x_wconf 90' lang='lat' dir='ltr'>studio</span> <span class='ocrx_word' id='word_1_125' title='bbox 1086 1868 1206 1934; x_wconf 89' lang='lat' dir='ltr'>doctus.</span> 
     </span>
     <span class='ocr_line' id='line_1_18' title="bbox 169 1973 1208 2058; baseline 0 -20"><span class='ocrx_word' id='word_1_126' title='bbox 169 1975 197 2039; x_wconf 91' lang='lat' dir='ltr'>is</span> <span class='ocrx_word' id='word_1_127' title='bbox 219 1973 372 2057; x_wconf 88' lang='lat' dir='ltr'>inperitos</span> <span class='ocrx_word' id='word_1_128' title='bbox 393 1974 518 2039; x_wconf 92' lang='lat' dir='ltr'>animos</span> <span class='ocrx_word' id='word_1_129' title='bbox 541 1981 573 2039; x_wconf 92' lang='lat' dir='ltr'>et</span> <span class='ocrx_word' id='word_1_130' title='bbox 596 1993 753 2056; x_wconf 90' lang='lat' dir='ltr'>quaenam</span> <span class='ocrx_word' id='word_1_131' title='bbox 780 1981 852 2058; x_wconf 90' lang='lat' dir='ltr'>post</span> <span class='ocrx_word' id='word_1_132' title='bbox 874 1977 1053 2058; x_wconf 86' lang='lat' dir='ltr'>Augustum</span> <span class='ocrx_word' id='word_1_133' title='bbox 1076 1973 1208 2038; x_wconf 90' lang='lat' dir='ltr'>militiae</span> 
     </span>
     <span class='ocr_line' id='line_1_19' title="bbox 170 2077 1208 2161; baseline -0.002 -19"><span class='ocrx_word' id='word_1_134' title='bbox 170 2077 314 2142; x_wconf 90' lang='lat' dir='ltr'>condicio</span> <span class='ocrx_word' id='word_1_135' title='bbox 346 2077 546 2161; x_wconf 88' lang='lat' dir='ltr'>ambigentes</span> <span class='ocrx_word' id='word_1_136' title='bbox 580 2077 732 2161; x_wconf 90' lang='lat' dir='ltr'>inpellere</span> <span class='ocrx_word' id='word_1_137' title='bbox 761 2078 915 2161; x_wconf 89' lang='lat' dir='ltr'>paulatim</span> <span class='ocrx_word' id='word_1_138' title='bbox 946 2078 1108 2142; x_wconf 91' lang='lat' dir='ltr'>nocturnis</span> <span class='ocrx_word' id='word_1_139' title='bbox 1138 2097 1208 2141; x_wconf 92' lang='lat' dir='ltr'>con·</span> 
     </span>
     <span class='ocr_line' id='line_1_20' title="bbox 169 2181 1208 2266; baseline -0.002 -20"><span class='ocrx_word' id='word_1_140' title='bbox 169 2181 284 2263; x_wconf 91' lang='lat' dir='ltr'>loquiis</span> <span class='ocrx_word' id='word_1_141' title='bbox 304 2188 366 2246; x_wconf 90' lang='lat' dir='ltr'>aut</span> <span class='ocrx_word' id='word_1_142' title='bbox 388 2181 472 2247; x_wconf 83' lang='lat' dir='ltr'>flexo</span> <span class='ocrx_word' id='word_1_143' title='bbox 495 2181 529 2245; x_wconf 94' lang='lat' dir='ltr'>in</span> <span class='ocrx_word' id='word_1_144' title='bbox 551 2202 718 2266; x_wconf 85' lang='lat' dir='ltr'>vesperam</span> <span class='ocrx_word' id='word_1_145' title='bbox 742 2181 794 2246; x_wconf 94' lang='lat' dir='ltr'>die</span> <span class='ocrx_word' id='word_1_146' title='bbox 817 2189 849 2247; x_wconf 93' lang='lat' dir='ltr'>et</span> <span class='ocrx_word' id='word_1_147' title='bbox 872 2181 1003 2266; x_wconf 90' lang='lat' dir='ltr'>dilapsis</span> <span class='ocrx_word' id='word_1_148' title='bbox 1025 2182 1208 2247; x_wconf 86' lang='lat' dir='ltr'>melioribus</span> 
     </span>
     <span class='ocr_line' id='line_1_21' title="bbox 170 2284 780 2371; baseline 0.002 -23"><span class='ocrx_word' id='word_1_149' title='bbox 170 2284 374 2350; x_wconf 90' lang='lat' dir='ltr'>deterrimum</span> <span class='ocrx_word' id='word_1_150' title='bbox 397 2305 554 2367; x_wconf 91' lang='lat' dir='ltr'>quemque</span> <span class='ocrx_word' id='word_1_151' title='bbox 577 2305 780 2371; x_wconf 87' lang='lat' dir='ltr'>congregare.</span> 
     </span>
    </p>

    <p class='ocr_par' dir='ltr' id='par_1_4' title="bbox 170 2388 1380 3825">
     <span class='ocr_line' id='line_1_22' title="bbox 279 2388 1371 2474; baseline -0.001 -22"><span class='ocrx_word' id='word_1_152' title='bbox 279 2389 326 2453; x_wconf 78' lang='lat'>17.</span> <span class='ocrx_word' id='word_1_153' title='bbox 351 2390 512 2455; x_wconf 89' lang='lat' dir='ltr'>Postremo</span> <span class='ocrx_word' id='word_1_154' title='bbox 535 2391 690 2474; x_wconf 90' lang='lat' dir='ltr'>promptis</span> <span class='ocrx_word' id='word_1_155' title='bbox 709 2391 773 2455; x_wconf 89' lang='lat' dir='ltr'>iam</span> <span class='ocrx_word' id='word_1_156' title='bbox 794 2397 825 2454; x_wconf 92' lang='lat' dir='ltr'>et</span> <span class='ocrx_word' id='word_1_157' title='bbox 844 2391 915 2455; x_wconf 91' lang='lat' dir='ltr'>aliis</span> <span class='ocrx_word' id='word_1_158' title='bbox 935 2389 1100 2456; x_wconf 90' lang='lat' dir='ltr'>seditionis</span> <span class='ocrx_word' id='word_1_159' title='bbox 1120 2388 1208 2453; x_wconf 94' lang='lat' dir='ltr'>mini·</span> <span class='ocrx_word' id='word_1_160' title='bbox 1239 2405 1371 2458; x_wconf 64' lang='lat' dir='ltr'>bertranus</span> 
     </span>
     <span class='ocr_line' id='line_1_23' title="bbox 170 2476 1380 2590; baseline -0.002 -31"><span class='ocrx_word' id='word_1_161' title='bbox 170 2493 243 2559; x_wconf 87' lang='lat' dir='ltr'>stris</span> <span class='ocrx_word' id='word_1_162' title='bbox 266 2494 353 2558; x_wconf 90' lang='lat' dir='ltr'>velut</span> <span class='ocrx_word' id='word_1_163' title='bbox 376 2493 652 2559; x_wconf 91' lang='lat' dir='ltr'>contionabundus</span> <span class='ocrx_word' id='word_1_164' title='bbox 674 2495 901 2578; x_wconf 89' lang='lat' dir='ltr'>interrogabat,</span> <span class='ocrx_word' id='word_1_165' title='bbox 930 2514 985 2558; x_wconf 91' lang='lat' dir='ltr'>eur</span> <span class='ocrx_word' id='word_1_166' title='bbox 1008 2494 1117 2578; x_wconf 88' lang='lat' dir='ltr'>paucis</span> <span class='ocrx_word' id='word_1_167' title='bbox 1140 2476 1380 2590; x_wconf 55' lang='lat' dir='ltr'>0011·„,⁰’g¹{{{ff„,</span> 
     </span>
     <span class='ocr_line' id='line_1_24' title="bbox 170 2597 1329 2681; baseline -0.003 -19"><span class='ocrx_word' id='word_1_168' title='bbox 170 2597 361 2678; x_wconf 90' lang='lat' dir='ltr'>turionibus,</span> <span class='ocrx_word' id='word_1_169' title='bbox 399 2597 600 2681; x_wconf 90' lang='lat' dir='ltr'>paucioribus</span> <span class='ocrx_word' id='word_1_170' title='bbox 636 2598 773 2664; x_wconf 87' lang='lat' dir='ltr'>tribunis</span> <span class='ocrx_word' id='word_1_171' title='bbox 810 2599 844 2662; x_wconf 95' lang='lat' dir='ltr'>in</span> <span class='ocrx_word' id='word_1_172' title='bbox 881 2597 1009 2662; x_wconf 91' lang='lat' dir='ltr'>modum</span> <span class='ocrx_word' id='word_1_173' title='bbox 1048 2616 1208 2662; x_wconf 88' lang='lat' dir='ltr'>servorum</span> <span class='ocrx_word' id='word_1_174' title='bbox 1284 2617 1329 2665; x_wconf 74' lang='lat' dir='ltr'>sur.</span> 
     </span>
     <span class='ocr_line' id='line_1_25' title="bbox 170 2700 1209 2792; baseline -0.003 -25"><span class='ocrx_word' id='word_1_175' title='bbox 170 2700 365 2768; x_wconf 90' lang='lat' dir='ltr'>oboedirent.</span> <span class='ocrx_word' id='word_1_176' title='bbox 412 2700 538 2783; x_wconf 87' lang='lat' dir='ltr'>quando</span> <span class='ocrx_word' id='word_1_177' title='bbox 577 2722 708 2792; x_wconf 90' lang='lat' dir='ltr'>ausuros</span> <span class='ocrx_word' id='word_1_178' title='bbox 745 2722 918 2786; x_wconf 83' lang='lat' dir='ltr'>exposcere</span> <span class='ocrx_word' id='word_1_179' title='bbox 955 2701 1111 2781; x_wconf 89' lang='lat' dir='ltr'>remedia,</span> <span class='ocrx_word' id='word_1_180' title='bbox 1148 2701 1209 2766; x_wconf 91' lang='lat' dir='ltr'>nisi</span> 
     </span>
     <span class='ocr_line' id='line_1_26' title="bbox 170 2805 1210 2891; baseline -0.001 -20"><span class='ocrx_word' id='word_1_181' title='bbox 170 2828 289 2872; x_wconf 82' lang='lat' dir='ltr'>novum</span> <span class='ocrx_word' id='word_1_182' title='bbox 312 2814 344 2872; x_wconf 90' lang='lat' dir='ltr'>et</span> <span class='ocrx_word' id='word_1_183' title='bbox 366 2815 531 2874; x_wconf 90' lang='lat' dir='ltr'>nutantem</span> <span class='ocrx_word' id='word_1_184' title='bbox 553 2807 659 2873; x_wconf 88' lang='lat' dir='ltr'>adhuc</span> <span class='ocrx_word' id='word_1_185' title='bbox 678 2807 854 2891; x_wconf 88' lang='lat' dir='ltr'>principem</span> <span class='ocrx_word' id='word_1_186' title='bbox 874 2806 1021 2890; x_wconf 90' lang='lat' dir='ltr'>precibus</span> <span class='ocrx_word' id='word_1_187' title='bbox 1041 2805 1093 2870; x_wconf 85' lang='lat' dir='ltr'>vel</span> <span class='ocrx_word' id='word_1_188' title='bbox 1112 2805 1210 2870; x_wconf 91' lang='lat' dir='ltr'>armis</span> 
     </span>
     <span class='ocr_line' id='line_1_27' title="bbox 170 2908 1211 2997; baseline -0.003 -21"><span class='ocrx_word' id='word_1_189' title='bbox 170 2910 318 2976; x_wconf 80' lang='lat' dir='ltr'>adirent?</span> <span class='ocrx_word' id='word_1_190' title='bbox 363 2912 440 2977; x_wconf 90' lang='lat' dir='ltr'>satis</span> <span class='ocrx_word' id='word_1_191' title='bbox 470 2933 527 2997; x_wconf 91' lang='lat' dir='ltr'>per</span> <span class='ocrx_word' id='word_1_192' title='bbox 556 2918 602 2977; x_wconf 92' lang='lat' dir='ltr'>tot</span> <span class='ocrx_word' id='word_1_193' title='bbox 628 2931 730 2976; x_wconf 90' lang='lat' dir='ltr'>annos</span> <span class='ocrx_word' id='word_1_194' title='bbox 757 2911 889 2996; x_wconf 84' lang='lat' dir='ltr'>ignavia</span> <span class='ocrx_word' id='word_1_195' title='bbox 914 2916 1090 2994; x_wconf 88' lang='lat' dir='ltr'>peccatum,</span> <span class='ocrx_word' id='word_1_196' title='bbox 1126 2908 1211 2990; x_wconf 92' lang='lat' dir='ltr'>quod</span> 
     </span>
     <span class='ocr_line' id='line_1_28' title="bbox 170 3014 1211 3100; baseline -0.001 -22"><span class='ocrx_word' id='word_1_197' title='bbox 170 3015 294 3079; x_wconf 86' lang='lat' dir='ltr'>tricena</span> <span class='ocrx_word' id='word_1_198' title='bbox 315 3020 371 3078; x_wconf 92' lang='lat' dir='ltr'>aut</span> <span class='ocrx_word' id='word_1_199' title='bbox 394 3014 600 3100; x_wconf 89' lang='lat' dir='ltr'>quadragena</span> <span class='ocrx_word' id='word_1_200' title='bbox 619 3014 780 3099; x_wconf 90' lang='lat' dir='ltr'>stipendia</span> <span class='ocrx_word' id='word_1_201' title='bbox 800 3033 892 3080; x_wconf 90' lang='lat' dir='ltr'>senes</span> <span class='ocrx_word' id='word_1_202' title='bbox 913 3019 945 3079; x_wconf 89' lang='lat' dir='ltr'>et</span> <span class='ocrx_word' id='word_1_203' title='bbox 964 3014 1107 3097; x_wconf 92' lang='lat' dir='ltr'>plerique</span> <span class='ocrx_word' id='word_1_204' title='bbox 1127 3019 1211 3077; x_wconf 93' lang='lat' dir='ltr'>trun-</span> 
     </span>
     <span class='ocr_line' id='line_1_29' title="bbox 172 3116 1210 3202; baseline -0.003 -19"><span class='ocrx_word' id='word_1_205' title='bbox 172 3125 243 3183; x_wconf 87' lang='lat' dir='ltr'>cato</span> <span class='ocrx_word' id='word_1_206' title='bbox 267 3138 308 3182; x_wconf 84' lang='lat' dir='ltr'>ex</span> <span class='ocrx_word' id='word_1_207' title='bbox 330 3117 515 3183; x_wconf 85' lang='lat' dir='ltr'>vulneribus</span> <span class='ocrx_word' id='word_1_208' title='bbox 538 3139 667 3202; x_wconf 87' lang='lat' dir='ltr'>corpore</span> <span class='ocrx_word' id='word_1_209' title='bbox 689 3119 832 3184; x_wconf 87' lang='lat' dir='ltr'>tolerent.</span> <span class='ocrx_word' id='word_1_210' title='bbox 857 3138 898 3183; x_wconf 91' lang='lat' dir='ltr'>ne</span> <span class='ocrx_word' id='word_1_211' title='bbox 920 3117 1059 3182; x_wconf 90' lang='lat' dir='ltr'>dimissis</span> <span class='ocrx_word' id='word_1_212' title='bbox 1083 3116 1210 3199; x_wconf 92' lang='lat' dir='ltr'>quidem</span> 
     </span>
     <span class='ocr_line' id='line_1_30' title="bbox 171 3220 1210 3306; baseline -0.002 -19"><span class='ocrx_word' id='word_1_213' title='bbox 171 3221 269 3287; x_wconf 87' lang='lat' dir='ltr'>finem</span> <span class='ocrx_word' id='word_1_214' title='bbox 298 3241 370 3287; x_wconf 92' lang='lat' dir='ltr'>esse</span> <span class='ocrx_word' id='word_1_215' title='bbox 399 3222 540 3303; x_wconf 89' lang='lat' dir='ltr'>militiae,</span> <span class='ocrx_word' id='word_1_216' title='bbox 571 3221 629 3288; x_wconf 89' lang='lat' dir='ltr'>sed</span> <span class='ocrx_word' id='word_1_217' title='bbox 657 3221 744 3306; x_wconf 91' lang='lat' dir='ltr'>apud</span> <span class='ocrx_word' id='word_1_218' title='bbox 774 3222 927 3287; x_wconf 84' lang='lat' dir='ltr'>vexillum</span> <span class='ocrx_word' id='word_1_219' title='bbox 954 3220 1121 3286; x_wconf 91' lang='lat' dir='ltr'>tendentes</span> <span class='ocrx_word' id='word_1_220' title='bbox 1148 3220 1210 3285; x_wconf 92' lang='lat' dir='ltr'>alio</span> 
     </span>
     <span class='ocr_line' id='line_1_31' title="bbox 172 3325 1210 3410; baseline -0.003 -19"><span class='ocrx_word' id='word_1_221' title='bbox 172 3326 326 3391; x_wconf 87' lang='lat' dir='ltr'>vocabulo</span> <span class='ocrx_word' id='word_1_222' title='bbox 353 3325 481 3390; x_wconf 90' lang='lat' dir='ltr'>eosdem</span> <span class='ocrx_word' id='word_1_223' title='bbox 504 3326 628 3391; x_wconf 89' lang='lat' dir='ltr'>labores</span> <span class='ocrx_word' id='word_1_224' title='bbox 651 3325 801 3410; x_wconf 86' lang='lat' dir='ltr'>perferre.</span> <span class='ocrx_word' id='word_1_225' title='bbox 847 3345 885 3391; x_wconf 91' lang='lat' dir='ltr'>ao</span> <span class='ocrx_word' id='word_1_226' title='bbox 907 3326 934 3390; x_wconf 90' lang='lat' dir='ltr'>si</span> <span class='ocrx_word' id='word_1_227' title='bbox 958 3325 1029 3407; x_wconf 89' lang='lat' dir='ltr'>quis</span> <span class='ocrx_word' id='word_1_228' title='bbox 1051 3331 1096 3389; x_wconf 92' lang='lat' dir='ltr'>tot</span> <span class='ocrx_word' id='word_1_229' title='bbox 1119 3344 1210 3389; x_wconf 89' lang='lat' dir='ltr'>casus</span> 
     </span>
     <span class='ocr_line' id='line_1_32' title="bbox 172 3427 1212 3513; baseline -0.003 -19"><span class='ocrx_word' id='word_1_230' title='bbox 172 3429 240 3494; x_wconf 85' lang='lat' dir='ltr'>vita</span> <span class='ocrx_word' id='word_1_231' title='bbox 262 3430 469 3513; x_wconf 89' lang='lat' dir='ltr'>superaverit,</span> <span class='ocrx_word' id='word_1_232' title='bbox 492 3428 575 3494; x_wconf 91' lang='lat' dir='ltr'>trahi</span> <span class='ocrx_word' id='word_1_233' title='bbox 597 3429 701 3494; x_wconf 88' lang='lat' dir='ltr'>adhuc</span> <span class='ocrx_word' id='word_1_234' title='bbox 723 3428 866 3495; x_wconf 87' lang='lat' dir='ltr'>diversas</span> <span class='ocrx_word' id='word_1_235' title='bbox 888 3429 921 3492; x_wconf 94' lang='lat' dir='ltr'>in</span> <span class='ocrx_word' id='word_1_236' title='bbox 945 3435 1054 3509; x_wconf 88' lang='lat' dir='ltr'>terras,</span> <span class='ocrx_word' id='word_1_237' title='bbox 1077 3427 1133 3492; x_wconf 95' lang='lat' dir='ltr'>ubi</span> <span class='ocrx_word' id='word_1_238' title='bbox 1155 3447 1212 3510; x_wconf 92' lang='lat' dir='ltr'>per</span> 
     </span>
     <span class='ocr_line' id='line_1_33' title="bbox 172 3532 1210 3617; baseline -0.003 -20"><span class='ocrx_word' id='word_1_239' title='bbox 172 3552 289 3598; x_wconf 88' lang='lat' dir='ltr'>nomen</span> <span class='ocrx_word' id='word_1_240' title='bbox 315 3552 462 3616; x_wconf 86' lang='lat' dir='ltr'>agrorum</span> <span class='ocrx_word' id='word_1_241' title='bbox 490 3532 626 3616; x_wconf 88' lang='lat' dir='ltr'>uligines</span> <span class='ocrx_word' id='word_1_242' title='bbox 653 3532 805 3617; x_wconf 92' lang='lat' dir='ltr'>paludum</span> <span class='ocrx_word' id='word_1_243' title='bbox 831 3532 883 3597; x_wconf 87' lang='lat' dir='ltr'>vel</span> <span class='ocrx_word' id='word_1_244' title='bbox 910 3533 1030 3596; x_wconf 91' lang='lat' dir='ltr'>inculta</span> <span class='ocrx_word' id='word_1_245' title='bbox 1057 3532 1210 3597; x_wconf 92' lang='lat' dir='ltr'>montium</span> 
     </span>
     <span class='ocr_line' id='line_1_34' title="bbox 172 3634 1209 3721; baseline -0.005 -18"><span class='ocrx_word' id='word_1_246' title='bbox 172 3637 341 3721; x_wconf 87' lang='lat' dir='ltr'>accipiant.</span> <span class='ocrx_word' id='word_1_247' title='bbox 359 3637 520 3703; x_wconf 83' lang='lat' dir='ltr'>enimvero</span> <span class='ocrx_word' id='word_1_248' title='bbox 532 3638 677 3702; x_wconf 89' lang='lat' dir='ltr'>militiam</span> <span class='ocrx_word' id='word_1_249' title='bbox 692 3638 794 3721; x_wconf 88' lang='lat' dir='ltr'>ipsam</span> <span class='ocrx_word' id='word_1_250' title='bbox 809 3657 951 3721; x_wconf 89' lang='lat' dir='ltr'>gravem,</span> <span class='ocrx_word' id='word_1_251' title='bbox 968 3634 1209 3701; x_wconf 83' lang='lat' dir='ltr'>infructuosam:</span> 
     </span>
     <span class='ocr_line' id='line_1_35' title="bbox 173 3740 1216 3825; baseline -0.004 -19"><span class='ocrx_word' id='word_1_252' title='bbox 173 3741 265 3807; x_wconf 91' lang='lat' dir='ltr'>denis</span> <span class='ocrx_word' id='word_1_253' title='bbox 287 3741 320 3806; x_wconf 93' lang='lat' dir='ltr'>in</span> <span class='ocrx_word' id='word_1_254' title='bbox 343 3741 429 3807; x_wconf 91' lang='lat' dir='ltr'>diem</span> <span class='ocrx_word' id='word_1_255' title='bbox 451 3742 577 3808; x_wconf 91' lang='lat' dir='ltr'>assibus</span> <span class='ocrx_word' id='word_1_256' title='bbox 595 3743 736 3806; x_wconf 87' lang='lat' dir='ltr'>animam</span> <span class='ocrx_word' id='word_1_257' title='bbox 756 3749 787 3806; x_wconf 90' lang='lat' dir='ltr'>et</span> <span class='ocrx_word' id='word_1_258' title='bbox 808 3761 920 3825; x_wconf 89' lang='lat' dir='ltr'>corpus</span> <span class='ocrx_word' id='word_1_259' title='bbox 939 3740 1117 3824; x_wconf 71' lang='lat' dir='ltr'>aestimari3</span> <span class='ocrx_word' id='word_1_260' title='bbox 1137 3740 1216 3803; x_wconf 83' lang='lat' dir='ltr'>binc</span> 
     </span>
    </p>
   </div>
   <div class='ocr_carea' id='block_1_3' title="bbox 172 3844 1245 3928">
    <p class='ocr_par' dir='ltr' id='par_1_5' title="bbox 172 3844 1245 3928">
     <span class='ocr_line' id='line_1_36' title="bbox 172 3844 1245 3928; baseline -0.01 -16"><span class='ocrx_word' id='word_1_261' title='bbox 172 3851 295 3912; x_wconf 86' lang='lat' dir='ltr'>vestem</span> <span class='ocrx_word' id='word_1_262' title='bbox 325 3865 414 3910; x_wconf 88' lang='lat' dir='ltr'>arma</span> <span class='ocrx_word' id='word_1_263' title='bbox 444 3846 589 3928; x_wconf 89' lang='lat' dir='ltr'>tentoria,</span> <span class='ocrx_word' id='word_1_264' title='bbox 625 3845 700 3913; x_wconf 91' lang='lat' dir='ltr'>hinc</span> <span class='ocrx_word' id='word_1_265' title='bbox 734 3845 909 3916; x_wconf 79' lang='lat' dir='ltr'>saevitiam</span> <span class='ocrx_word' id='word_1_266' title='bbox 939 3844 1179 3914; x_wconf 71' lang='lat' dir='ltr'>centurionum</span> <span class='ocrx_word' id='word_1_267' title='bbox 1206 3845 1245 3901; x_wconf 62' lang='lat' dir='ltr'>es</span> 
     </span>
    </p>
   </div>
   <div class='ocr_carea' id='block_1_4' title="bbox 0 0 1397 4214">
    <p class='ocr_par' dir='ltr' id='par_1_6' title="bbox 0 0 1397 4214">
     <span class='ocr_line' id='line_1_37' title="bbox 0 0 1397 4214; baseline 0 0"><span class='ocrx_word' id='word_1_268' title='bbox 0 0 1397 4214; x_wconf 95' lang='lat' dir='ltr'> </span> 
     </span>
    </p>
   </div>
  </div>
 </body>
</html>
