2760 4214
265 175 327 240 108
501 192 551 247 Ab
571 206 687 247 excessu
704 192 737 245 D.
747 192 874 260 Augusti
891 192 935 246 ΙΙΙ
953 195 1065 249 45-49.

263 365 374 429 finium
397 365 530 431 extremi
554 371 585 429 et
608 364 728 430 Aeduis
758 366 945 431 contermini
976 366 1117 448 sociique
1144 364 1177 429 in
1207 365 1305 430 armis

265 475 376 533 erant.
402 490 478 535 mox
500 468 767 553 Augustodunum
797 470 876 553 petit
907 490 1042 555 propero
1071 469 1210 553 agmine,
1241 488 1305 534 cer-

262 573 404 638 tantibus
419 573 501 638 inter
516 593 551 638 se
566 572 736 656 signiferis,
753 573 907 639 fremente
924 574 1020 638 etiam
1035 573 1181 657 gregario
1193 572 1303 654 milite,

263 696 304 741 ne
327 683 450 741 suetam
471 677 623 759 requiem,
647 698 689 742 ne
712 677 816 760 spatia
830 677 970 743 noctium
987 678 1195 762 opperiretur:
1219 675 1304 741 vide-

263 787 334 846 rent
348 780 442 846 modo
457 780 609 846 adversos
625 787 658 846 et
671 782 901 865 aspicerentur3
929 781 962 845 id
978 782 1056 847 satis
1071 781 1113 845 ad
1128 780 1302 847 victoriam.

264 882 486 949 duodecimum
508 884 595 970 apud
615 884 755 969 lapidem
771 885 917 951 Sacrovir
933 887 1107 969 copiaeque
1121 884 1305 970 patentibus

264 987 341 1052 locis
362 1007 547 1071 apparuere.
580 988 613 1052 in
636 988 740 1053 fronte
763 973 917 1053 statuerat
939 987 1084 1069 ferratos,
1107 988 1140 1051 in
1157 987 1304 1052 cornibus

265 1089 419 1171 cohortes,
449 1112 470 1156 a
499 1098 588 1176 tergo
620 1111 800 1157 semermos.
839 1092 908 1175 ipse
934 1089 1018 1156 inter
1045 1092 1197 1176 primores
1223 1110 1304 1173 equo

264 1193 383 1277 insigni
398 1193 496 1276 adire,
520 1215 695 1260 memorare
710 1202 835 1260 veteres
851 1196 1012 1261 Gallorum
1027 1195 1145 1278 glorias
1160 1213 1304 1277 quaeque

264 1299 415 1364 Romanis
449 1298 585 1365 adversa
618 1299 813 1383 intulissent3
852 1320 946 1382 quam
983 1298 1099 1365 decora
1132 1298 1303 1364 victoribus

264 1403 403 1483 libertae,
428 1409 545 1484 quanto
566 1403 782 1468 intolerantior
805 1403 940 1468 servitus
963 1402 1077 1468 iterum
1099 1402 1201 1468 victis.

107 1500 233 1620 Wffisst.
350 1506 402 1570 46.
426 1508 500 1572 Non
522 1506 577 1572 diu
600 1506 680 1570 haec
702 1527 762 1572 nec
785 1507 871 1591 apud
893 1507 1007 1572 laetos:
1040 1507 1157 1572 etenim
1180 1506 1304 1591 propin·

265 1611 383 1693 quabat
412 1610 572 1694 legionum
602 1610 698 1691 acies,
730 1609 946 1693 inconditique
974 1631 1014 1676 ac
1043 1610 1174 1675 militiae
1204 1609 1305 1674 nescii

114 1653 224 1776 §propp
264 1713 416 1798 oppidani
445 1734 549 1797 neque
580 1714 677 1778 oculis
700 1733 804 1795 neque
826 1715 955 1779 auribus
978 1714 1056 1779 satis
1079 1714 1303 1797 conpetebant.

8 1855 9 1859 =
114 1791 223 1906 ,ἔξω
266 1825 374 1883 contra
384 1818 488 1899 Silius,
508 1819 568 1883 etsi
581 1824 787 1902 praesumpta
798 1838 872 1902 spes
889 1817 1036 1883 hortandi
1053 1837 1165 1882 causas
1181 1837 1306 1882 exeme-

264 1927 322 2002 rat,
346 1921 528 1985 clamitabat
550 1928 666 2002 tamen,
690 1920 875 2006 pudendum
896 1922 985 2006 ipsis,
1015 1921 1099 2005 quod
1122 1920 1304 1986 Germania-

264 2045 333 2089 rum
345 2025 481 2090 victores
491 2023 661 2090 adversum
674 2025 780 2090 Gallos
795 2032 958 2108 tamquam
969 2027 1002 2090 in
1017 2024 1140 2090 hostem
1156 2022 1305 2088 duceren-

264 2134 323 2193 tur.
347 2122 423 2192 ‘una
444 2148 545 2212 nuper
561 2127 671 2193 cohors
686 2129 836 2194 rebellem
851 2130 1022 2209 Turonum,
1045 2149 1109 2193 una
1124 2128 1175 2192 ala
1189 2129 1303 2193 Treve-

264 2252 343 2312 rum,
377 2252 497 2315 paucae
520 2232 613 2298 huius
643 2233 742 2317 ipsius
766 2233 925 2297 exercitus
947 2239 1071 2296 turmae
1093 2231 1303 2316 profligavere

265 2336 438 2418 Sequanos.
464 2341 581 2417 quanto
597 2337 734 2420 pecunia
749 2336 831 2402 dites
848 2342 879 2400 et
895 2336 1112 2420 voluptatibus
1126 2336 1302 2419 opulentos,

264 2444 352 2505 tanto
375 2439 477 2523 magis
500 2440 633 2506 inbelles
654 2439 783 2506 Aeduos
805 2441 943 2505 evincite
967 2448 998 2505 et
1020 2439 1217 2524 fugientibus
1233 2459 1303 2504 con·

265 2539 379 2609 sulite.'
408 2544 523 2628 ingens
545 2545 587 2608 ad
610 2564 649 2610 ea
672 2546 798 2626 clamor,
823 2551 854 2609 et
876 2543 1078 2609 circumfudit
1101 2563 1199 2627 eques
1222 2543 1303 2607 fron·

264 2654 391 2730 temque
420 2647 545 2731 pedites
579 2649 734 2730 invasere,
768 2667 830 2713 nec
864 2654 1045 2713 cunctatum
1075 2646 1162 2732 apud
1192 2647 1301 2711 latera.

264 2752 394 2836 paulum
416 2771 523 2816 morae
545 2753 678 2817 attulere
701 2752 820 2832 ferrati,
851 2753 1046 2817 restantibus
1067 2750 1227 2816 lamminis
1249 2749 1303 2814 ad·

264 2874 390 2919 versum
413 2855 479 2938 pila
501 2862 533 2919 et
555 2854 691 2939 gladios,
727 2863 775 2921 set
798 2855 889 2920 miles
912 2856 1064 2940 correptis
1087 2854 1249 2919 securibus
1272 2859 1303 2917 et

264 2955 412 3037 dolabris,
440 2962 475 3021 ut
498 2957 525 3022 si
547 2977 670 3021 murum
693 2965 918 3043 perrumperet,
951 2956 1083 3023 caedere
1106 2957 1248 3041 tegmina
1270 2963 1302 3021 et

264 3079 408 3144 corpora;
433 3059 562 3142 quidam
585 3059 729 3125 trudibus
752 3068 808 3126 aut
830 3062 927 3127 furcis
949 3062 1082 3126 inertem
1104 3061 1220 3126 molem
1235 3080 1302 3145 pro-

263 3169 413 3246 sternere,
443 3163 648 3246 iacentesque
678 3165 763 3229 nullo
793 3164 836 3228 ad
865 3164 1094 3249 resurgendum
1117 3165 1189 3230 nisu
1211 3164 1303 3246 quasi

263 3267 428 3332 exanimes
457 3267 689 3350 linquebantur.
729 3267 876 3333 Sacrovir
901 3268 1003 3352 primo
1025 3267 1301 3352 Augustodunum,

262 3371 337 3436 dein
364 3376 450 3435 metu
477 3369 648 3436 deditionis
674 3370 709 3434 in
731 3370 839 3434 villam
862 3372 1072 3456 propinquam
1096 3390 1168 3436 cum
1190 3369 1303 3434 fidissi-

262 3475 322 3539 mis
352 3475 464 3559 pergit.
503 3474 566 3539 illic
589 3493 647 3538 sua
669 3494 775 3555 manu,
806 3475 919 3557 reliqui
946 3475 1063 3541 mutuis
1086 3474 1201 3540 ictibus
1223 3473 1323 3538 occi--

90 3614 245 3660 mmmm
263 3578 352 3644 dere:
376 3579 506 3643 incensa
529 3597 623 3662 super
646 3578 722 3644 villa
744 3599 854 3644 omnes
877 3580 1039 3645 cremavit.

39 3673 41 3677 ’
89 3684 139 3735 ¹¹⁶0
157 3684 245 3729 onnia
349 3681 400 3746 47.
424 3683 505 3745 Tum
525 3679 652 3746 demum
667 3682 814 3748 Tiberius
829 3689 931 3747 ortum
947 3689 1168 3768 patratumque
1183 3683 1301 3746 bellum

129 3753 204 3807 mm*
262 3791 375 3850 senatu
391 3785 529 3869 scripsit,
553 3804 657 3867 neque
680 3784 816 3870 dempsit
839 3793 894 3852 aut
917 3785 1040 3852 addidit
1055 3806 1141 3867 vero,
1165 3785 1222 3851 sed
1238 3784 1301 3849 fide

76 3839 294 3954 mmm
319 3888 435 3956 uirtute
458 3888 591 3976 legatos,
614 3908 650 3956 se
672 3889 813 3956 consiliis
835 3889 1036 3975 superfuisse.
1065 3889 1158 3954 simul
1177 3908 1300 3972 causas,
