2760 4214
174 183 215 248 88
424 200 474 255 Ab
493 216 609 255 excessu
628 201 661 253 D.
675 201 801 269 Augusti
819 200 863 254 ΙΙΙ
881 203 958 257 4-9.

174 375 389 456 clamitabant,
413 375 589 459 promptius
611 375 824 458 apertiusque,
855 395 950 457 quam
974 381 1008 439 111
1030 374 1214 441 meminisse

172 478 421 562 imperitantium
461 477 615 544 crederes.
661 479 740 543 nihil
772 485 881 544 tamen
914 479 1077 544 Tiberium
1110 480 1213 564 magis

173 582 353 666 penetravit
375 603 470 664 quam
493 581 598 648 studia
613 581 777 646 hominum
793 602 929 647 accensa
943 582 978 646 in
992 582 1212 667 Agrippinam,

173 707 244 750 cum
274 686 371 751 decus
401 685 533 770 pamiae,
563 686 664 751 solum
691 687 827 770 Augusti
857 687 1055 771 sanguinem,
1084 688 1213 752 unicum

172 790 370 871 antiquitatis
393 789 555 873 specimen
576 790 773 874 appellarent
795 790 943 872 versique
964 790 1006 854 ad
1029 791 1151 856 caelum
1175 811 1213 856 ac

173 892 249 958 deos
282 893 439 976 integram
472 893 518 956 illi
552 893 693 958 subolem
727 913 766 958 ao
799 894 1000 978 superstitem
1033 893 1212 976 iniquorum

172 1003 386 1080 precarentur.

259 1100 289 1164 5.
321 1101 424 1165 Fuere
454 1101 508 1182 qui
537 1101 657 1184 publici
687 1100 808 1165 funeris
837 1121 986 1185 pompam
1015 1102 1212 1183 requirerent

4 1181 7 1208 ⁵
111 1261 118 1277 ,
171 1211 454 1288 compararentque
469 1205 595 1287 quaein
608 1206 746 1270 Drusum
762 1211 884 1289 patrem
897 1205 1078 1270 Germanici
1092 1205 1213 1270 honora

12 2772 136 2826 transtib.

171 1314 203 1372 et
225 1308 396 1392 magnifica
416 1309 579 1393 Augustus
601 1309 740 1374 fecisset.
772 1310 875 1393 ipsum
898 1310 1016 1393 quippe
1038 1309 1211 1393 asperrimo

170 1411 283 1478 hiemis
305 1413 451 1477 Ticinum
473 1432 574 1495 usque
596 1432 798 1497 progressum
821 1433 924 1495 neque
946 1412 1172 1478 abscedentem
1192 1433 1213 1476 a

171 1536 299 1601 corpore
322 1517 416 1581 simul
439 1519 550 1582 urbem
574 1517 759 1601 intravissc3
784 1515 994 1582 circumfusas
1015 1517 1099 1583 lecto
1123 1517 1213 1582 Clau-

170 1619 292 1684 diorum
308 1620 522 1702 Iuliornmque
537 1620 709 1705 imagines,
733 1619 883 1685 defletum
900 1620 933 1685 in
948 1620 1027 1701 foro,
1048 1620 1212 1685 laudatum

169 1744 226 1807 pro
248 1724 367 1806 rostris,
392 1730 505 1788 cuncta
527 1745 548 1788 a
570 1725 740 1788 maioribus
763 1729 889 1807 reperta
910 1729 966 1788 aut
989 1744 1071 1806 quae
1093 1724 1212 1809 posteri

169 1827 350 1893 invenerint
373 1829 546 1892 cumulata:
570 1834 604 1893 at
619 1827 810 1892 Germanico
832 1848 873 1892 ne
896 1828 1005 1892 solitos
1028 1826 1156 1910 quidem
1180 1834 1212 1893 et

170 1931 356 2013 cuicumque
378 1916 476 1995 nobili
503 1931 627 1996 debitos
646 1931 783 1998 honores
799 1931 979 2015 contigisse.
1004 1951 1081 1997 sane
1097 1951 1211 2016 corpus

169 2036 209 2100 ob
232 2035 496 2118 longinquitatem
519 2035 667 2101 itinerum
690 2036 832 2100 externis
853 2035 945 2101 terris
968 2055 1094 2117 quoquo
1116 2035 1211 2100 modo

170 2144 356 2202 crematum:
380 2136 436 2202 sed
459 2144 547 2202 tanto
568 2139 660 2222 plura
682 2137 798 2204 decora
819 2159 895 2203 mox
918 2138 1013 2203 tribui
1029 2160 1087 2222 par
1102 2138 1210 2219 fuisse,

170 2247 288 2323 quanto
318 2241 421 2325 prima
446 2240 512 2305 fors
534 2242 726 2324 negavisset.
766 2262 830 2306 non
861 2241 991 2306 fratrem
1022 2241 1084 2307 nisi
1113 2241 1208 2306 unius

168 2342 232 2409 diei
255 2345 317 2424 via,
349 2365 412 2409 non
435 2350 582 2428 patruum
605 2345 717 2410 saltem
738 2351 830 2429 porta
852 2351 946 2410 tenus
968 2345 1107 2410 obvium.
1153 2345 1209 2410 ubi

168 2448 222 2512 illa
236 2454 379 2513 veterum
394 2448 548 2530 instituta,
573 2449 766 2533 propositam
788 2455 856 2514 toro
880 2447 1030 2532 effigiem,
1054 2447 1207 2512 meditata

167 2550 209 2615 ad
231 2553 414 2617 memoriam
437 2553 563 2618 virtutis
579 2553 719 2617 carmina
734 2559 766 2618 et
781 2551 990 2633 laudationes,
1015 2558 1046 2616 11
1061 2553 1208 2617 lacrimas

168 2657 220 2721 vel
242 2656 357 2722 doloris
379 2657 603 2721 imitamenta?

256 2761 284 2824 6.
316 2759 457 2825 Gnarum
488 2759 521 2823 id
543 2760 671 2825 liberio
701 2760 775 2845 suit3
806 2765 904 2842 utque
934 2765 1093 2844 premeret
1122 2759 1210 2843 vulgi

168 2882 339 2942 sermones,
370 2864 491 2928 monuit
521 2863 625 2928 edicto
654 2864 770 2928 multos
792 2863 973 2928 inlustrium
995 2864 1209 2927 Romanorum

168 2966 207 3030 ob
228 2985 295 3029 rem
314 2966 474 3049 publicam
490 2967 605 3048 obisse,
628 2967 789 3032 neminem
805 2972 870 3030 tam
885 2965 1035 3050 flagranti
1052 2964 1209 3031 desiderio

168 3069 369 3134 celebratum.
401 3068 496 3151 idque
519 3076 552 3135 et
574 3071 634 3135 sibi
658 3077 689 3136 et
712 3070 833 3136 cunctis
857 3069 1030 3154 egregium,
1054 3069 1081 3133 si
1097 3068 1209 3134 modus

167 3172 353 3238 adiceretur.
390 3194 453 3238 non
477 3174 561 3238 enim
585 3173 698 3240 eadem
721 3173 835 3239 decora
858 3173 1056 3258 principibus
1078 3173 1155 3239 viris
1179 3179 1210 3237 11

168 3277 350 3361 imperatori
365 3277 490 3362 populo,
513 3298 596 3360 quae
618 3277 751 3343 modicis
774 3277 921 3342 domibus
942 3283 999 3341 aut
1014 3277 1208 3342 civitatibus.

168 3382 356 3447 convenisse
379 3381 499 3446 recenti
522 3380 622 3447 dolori
647 3382 768 3445 luctum
791 3387 823 3445 11
846 3401 887 3445 111
910 3401 1054 3445 maerore
1077 3380 1208 3465 solacia;

168 3484 226 3550 sed
247 3484 449 3549 referendum
472 3485 536 3549 iam
558 3485 699 3549 animum
722 3483 765 3548 ad
787 3483 1024 3566 firmitudinem,
1055 3490 1090 3548 ut
1113 3505 1209 3566 quon-

168 3588 242 3652 dam
266 3588 360 3654 divus
381 3588 479 3654 Iulius
502 3589 621 3654 amissa
642 3587 737 3653 unica
760 3575 850 3669 filia,
869 3594 905 3652 ut
927 3586 1021 3653 divus
1044 3589 1209 3672 Augustus

168 3693 286 3777 ereptis
312 3693 482 3778 nepotibus
504 3692 714 3759 abstruserint
737 3692 905 3758 tristitiam.
944 3691 990 3756 nil
1016 3712 1097 3776 opus
1123 3698 1210 3757 vetu-

168 3796 316 3862 stioribus
350 3797 516 3882 exemplis,
556 3797 703 3880 quotiens
737 3797 872 3882 populus
906 3797 1070 3862 Romanus
1103 3794 1210 3861 clades

164 3899 373 3984 exercituum,
404 3899 568 3966 interitum
591 3900 717 3982 ducum,
748 3898 892 3964 funditus
922 3901 1058 3966 amissas
1087 3899 1210 3964 nobiles
