2760 4214
504 200 529 238 a.
542 183 574 240 U.
588 200 611 238 c.
626 188 684 242 778.
709 201 735 253 p.
749 184 812 239 Chr.
825 189 867 242 25.
1142 171 1201 234 141

253 359 304 423 34.
329 358 475 424 Cornelio
497 358 596 425 Cosso
618 358 728 423 Asinio
750 358 894 443 Agrippa
925 361 1106 426 consulibus
1134 361 1205 426 Ore·
1238 361 1365 407 crematus

164 463 283 527 mutius
306 460 426 529 Gordus
456 462 641 546 postulatur,
671 483 755 528 novo
777 484 816 528 ao
838 471 914 529 tunc
936 465 1073 549 primum
1095 464 1203 530 audito
1239 430 1359 554 „Q

166 566 307 647 crimine,
345 565 430 648 quod
467 565 560 630 editis
597 565 766 632 annalibus
802 567 994 650 laudatoque
1031 569 1071 633 ltl.
1106 570 1203 633 Bruto
1264 570 1304 623 aas
1319 580 1341 614 ²¹

166 670 201 736 C.
233 669 377 736 Cassium
406 670 621 735 Romanorum
651 670 796 735 ultimum
827 670 971 737 dixisset.
1009 673 1204 737 accusabant
1230 639 1370 761 „ff‘ssffffw

166 774 287 841 Satrius
310 771 476 839 Secundus
498 780 530 838 et
552 774 699 839 Pinarius
721 776 831 856 Natta,
860 776 967 841 Seiani
990 777 1131 841 clientes.
1171 775 1204 840 id
1253 775 1352 831 seusu

165 877 371 962 perniciabile
401 897 454 943 reo
485 883 517 942 et
542 878 661 944 Caesar
687 879 766 943 truci
796 879 884 944 vultu
912 879 1130 946 defensionem
1156 899 1205 945 ae
1270 847 1330 899 Μ’

166 982 297 1066 cipiens,
328 1001 423 1064 quam
448 982 635 1065 Cremutius,
667 982 894 1065 relinquendae
917 984 1003 1048 vitae
1027 991 1140 1065 certus,
1171 984 1204 1048 in

166 1086 251 1150 hunc
272 1086 401 1152 modum
424 1105 556 1151 exorsus
579 1092 639 1150 est:
663 1078 774 1150 ‘verba
795 1106 875 1168 mea,
899 1094 1007 1171 patres
1027 1087 1204 1172 conscripti,

165 1196 352 1274 arguuntur:
376 1188 457 1254 adeo
480 1188 634 1254 factorum
657 1190 810 1256 innocens
826 1209 904 1254 sum.
933 1190 990 1256 sed
1005 1211 1109 1272 neque
1125 1190 1205 1256 haec

165 1294 198 1358 in
220 1294 394 1378 principem
417 1300 472 1356 aut
494 1292 646 1377 principis
668 1301 842 1377 parentem,
867 1314 946 1376 quos
960 1295 1014 1359 lex
1029 1295 1204 1359 maiestatis

165 1397 377 1482 amplectitur:
400 1398 533 1461 Brutum
549 1403 581 1462 et
597 1398 740 1462 Cassium
756 1397 936 1463 laudavisse
952 1397 1048 1479 dicor,
1072 1418 1204 1480 quorum

165 1522 216 1567 res
238 1508 345 1586 gestas
368 1522 439 1566 eum
462 1500 588 1585 plurimi
611 1502 853 1585 composuerint,
878 1522 971 1566 nemo
995 1501 1063 1566 sine
1086 1501 1204 1565 honore

165 1606 361 1672 memoravit.
391 1605 482 1669 Titus
500 1604 621 1685 Livius,
645 1604 843 1686 eloquentiae
865 1625 904 1669 ac
926 1603 1002 1670 fidei
1024 1605 1204 1688 praeclarus

165 1711 198 1775 in
220 1709 340 1794 primis,
374 1708 432 1774 On.
456 1707 640 1791 Pompeium
664 1708 761 1773 tantis
783 1707 931 1773 laudibus
953 1708 1034 1789 tulit,
1057 1715 1092 1772 ut
1113 1709 1204 1773 Pom-

165 1813 315 1898 peianum
342 1832 414 1876 eum
437 1813 599 1895 Augustus
628 1811 817 1895 appellaret3
848 1831 952 1893 neque
981 1811 1015 1875 id
1044 1811 1203 1876 amicitiae

166 1937 272 1982 eorum
288 1916 403 1982 offecit.
428 1914 619 1999 Scipionem,
636 1914 811 1996 Afranium,
835 1914 920 1979 hunc
931 1915 1033 1999 ipsum
1048 1915 1202 1996 Cassium,

165 2022 395 2086 huncBrutum
418 2038 574 2100 nusquam
598 2018 737 2083 latrones
760 2024 791 2082 et
813 2018 997 2103 parricidas,
1022 2039 1103 2100 quae
1119 2037 1204 2082 nunc

165 2124 320 2191 voeabula
348 2124 551 2207 inponuntur,
582 2142 678 2206 saepe
708 2128 743 2187 ut
772 2122 907 2206 insignis
936 2122 1022 2189 viros
1051 2123 1203 2188 nominat.

165 2229 267 2294 Asinii
297 2228 447 2294 Pollionis
477 2227 594 2312 scripta
625 2227 784 2310 egregiam
816 2226 988 2291 eorundem
1019 2226 1202 2292 memoriam

166 2332 307 2416 tradunt,
337 2332 486 2397 Messalla
509 2331 664 2397 Corvinus
690 2331 911 2415 imperatorem
941 2350 1032 2394 suum
1057 2330 1201 2395 Cassium

165 2435 383 2520 praedicabat:
400 2443 432 2499 et
446 2441 579 2516 uterque
591 2434 705 2518 opibus
716 2441 812 2516 atque
823 2433 994 2499 honoribus
1005 2433 1202 2517 perviguere.

165 2539 263 2604 Marci
287 2539 446 2604 Ciceronis
469 2538 557 2618 libro,
581 2558 643 2619 quo
660 2537 811 2603 Catonem
836 2536 923 2600 caelo
945 2536 1104 2618 aequavit,
1129 2534 1204 2616 quid

165 2642 252 2707 aliud
275 2641 409 2707 dictator
425 2641 543 2706 Caesar
557 2661 653 2723 quam
675 2641 827 2723 rescripta
842 2639 994 2719 oratione,
1017 2639 1105 2703 velut
1118 2637 1205 2722 apud

166 2746 296 2829 iudices,
330 2744 513 2829 respondit?
550 2744 682 2808 Antonii
716 2742 878 2827 epistulae,
917 2742 1006 2806 Bruti
1041 2741 1204 2806 contiones

166 2849 246 2914 falsa
268 2848 394 2932 quidem
417 2849 450 2912 in
472 2849 651 2932 Augustum
674 2848 798 2932 probra,
834 2852 882 2911 set
904 2846 1003 2910 multa
1026 2865 1096 2910 cum
1119 2864 1203 2909 acer·

166 2952 265 3018 bitate
293 2954 426 3036 habent3
458 2952 600 3017 carmina
621 2952 764 3017 Bibaculi
795 2958 826 3017 et
850 2951 965 3017 Catulli
994 2950 1110 3014 referta
1132 2969 1202 3015 con·

166 3057 302 3122 tumeliis
323 3057 497 3122 ansamm
524 3057 684 3140 leguntur:
714 3054 771 3121 sed
794 3056 862 3139 ipse
885 3055 979 3120 divus
1001 3054 1110 3134 Iulius,
1133 3053 1203 3137 ipse

166 3160 258 3226 divus
279 3160 442 3244 Augustus
469 3166 502 3225 et
528 3160 629 3224 tulere
651 3160 713 3224 ista
737 3164 768 3223 et
798 3158 962 3240 reliquere,
992 3156 1079 3222 haud
1109 3156 1202 3222 facile

166 3263 311 3344 dixerim,
334 3261 551 3328 moderatione
572 3262 676 3345 magis
690 3282 731 3325 an
748 3260 914 3345 sapientia.
942 3280 1080 3341 namque
1096 3265 1203 3342 spreta

166 3368 363 3433 exolescunt:
387 3367 413 3431 si
436 3367 583 3447 irascare,
607 3365 739 3449 adgnita
761 3359 930 3429 videntur.³

252 3471 304 3536 35.
328 3463 410 3536 ‘Non
433 3471 556 3554 attingo
579 3470 726 3548 Graecos,
754 3488 886 3551 quorum
911 3487 975 3533 non
996 3465 1090 3532 modo
1112 3465 1202 3531 liber·
1269 3463 1325 3508 ΕΜ

165 3582 224 3657 tas,
254 3574 477 3641 etiamnum
507 3574 678 3660 impunita,
709 3580 764 3637 aut
786 3573 812 3638 s
835 3572 907 3655 qus
929 3570 1075 3650 arverni,
1109 3569 1203 3635 uictis
1234 3532 1369 3647 '“sssslfll

164 3677 250 3744 dicta
270 3679 356 3744 ultus
378 3684 435 3744 est.
467 3678 525 3744 sed
546 3677 686 3742 maxime
709 3677 844 3741 solutum
861 3680 893 3740 et
909 3674 977 3739 sine
993 3675 1202 3740 obtrectatore
1221 3684 1377 3739 serotenus

1256 3759 1340 3801 ἱῦῑΐῦῑὶῑ

164 3782 223 3847 fuit
245 3781 377 3867 prodere
400 3781 440 3847 de
462 3781 512 3863 iis,
543 3801 623 3864 quos
645 3800 730 3846 mors
752 3778 824 3845 odio
848 3785 903 3843 aut
925 3778 1046 3862 gratiae
1070 3777 1202 3842 eremis·
1238 3828 1363 3871 ,mm

165 3892 221 3951 set.
259 3906 335 3950 num
358 3885 444 3951 enim
465 3885 596 3950 armatis
618 3883 729 3951 Cassio
752 3890 784 3948 et
803 3884 900 3948 Bruto
922 3902 963 3947 ac
982 3881 1215 3964 Pbilipqsnsee
