2760 4214
455 176 682 244 sucusque.
709 175 914 245 ncnnrqrr.
1162 160 1204 224 63

164 355 262 431 atque
285 349 354 434 ipse
377 348 465 414 adire
488 349 661 433 municipia
676 349 810 415 obscuro
825 348 899 432 diei,
922 369 1027 432 neque
1041 351 1206 435 propalam

165 453 267 538 aspici
294 473 397 536 neque
424 453 543 518 diutius
570 452 672 518 isdem
698 453 787 535 loeis,
817 452 875 520 sed
897 454 972 536 quia
995 455 1112 520 veritas
1134 455 1205 520 visu

163 563 198 622 et
227 577 325 639 mora,
354 552 438 623 falsa
463 556 667 624 festinatione
695 563 727 622 et
754 557 884 623 incertis
909 559 1083 639 valescunt,
1114 559 1205 623 relin-

164 662 286 742 quebat
307 661 427 726 famam
449 668 505 726 aut
526 661 765 746 praeveniebat.

252 765 305 831 40.
322 766 520 850 Vulgabatur
542 765 669 830 interim
685 785 742 850 per
757 764 883 830 Italiam
899 774 1059 831 servatum
1075 786 1206 832 munere
1250 762 1327 884 ''ll“
1367 832 1379 877 t

163 869 261 936 deum
283 870 469 954 Agrippam,
493 868 682 934 credebatur
703 871 836 954 Romae;
867 869 993 952 iamque
1016 869 1139 935 Ostiam
1161 871 1207 935 in·
1225 841 1366 955 mm?

165 980 292 1039 vectum
315 972 482 1039 multitudo
504 973 629 1057 ingens,
652 973 772 1038 iamin
795 974 873 1038 urbe
893 973 1083 1039 clandestini
1099 980 1207 1040 coetus
1260 969 1346 1023 wlm-

164 1078 379 1159 celebrabant,
404 1098 475 1142 cum
497 1077 661 1142 Tiberium
683 1097 802 1161 anceps
825 1098 901 1142 cura
923 1076 1109 1159 distrahere,
1132 1078 1207 1143 vine

166 1181 301 1246 militum
329 1201 456 1246 servum
480 1201 572 1246 suum
596 1187 753 1247 coerceret
776 1202 817 1245 an
839 1182 969 1246 inanem
990 1181 1208 1247 credulitatem

165 1290 309 1368 tempore
331 1285 402 1368 ipso
424 1304 599 1350 vanescere
621 1285 753 1349 sineret:
777 1283 871 1349 modo
887 1285 966 1349 nihil
982 1284 1206 1370 spernendum,

165 1387 260 1454 modo
287 1409 351 1454 non
379 1389 486 1454 omnia
508 1387 681 1454 metuenda
702 1389 870 1473 ambiguus
892 1387 1022 1473 pudoris
1044 1409 1083 1453 ac
1105 1396 1208 1454 metus

166 1492 344 1577 reputabat.
367 1499 527 1577 postremo
550 1492 605 1556 dat
628 1493 792 1577 negotium
816 1492 964 1558 Sallustio
988 1493 1109 1577 Crispo.
1155 1493 1208 1557 ille

166 1617 186 1661 e
209 1597 377 1663 clientibus
400 1596 480 1663 duos
504 1597 645 1683 (quidam
667 1597 785 1662 milites
807 1596 905 1662 fuisse
928 1595 1070 1682 tradunt)
1098 1596 1210 1681 deligit

165 1707 263 1782 atque
284 1699 437 1782 hortatur,
461 1701 609 1766 simulata
631 1701 826 1767 conscientia
847 1699 975 1782 adeant,
999 1701 1133 1766 offerant
1156 1720 1208 1785 pe-

166 1804 304 1884 cuniam,
326 1803 424 1868 fidem
447 1809 542 1886 atque
565 1805 706 1889 pericula
728 1804 946 1889 polliceantur.
992 1810 1209 1886 exsequuntur

166 1913 202 1972 ut
224 1907 344 1973 iussum
367 1914 442 1972 erat.
482 1907 556 1972 dein
580 1909 733 1992 speculati
756 1914 881 1973 noctem
903 1907 1136 1986 incustoditam,
1159 1928 1208 1972 ac-

167 2017 260 2094 cepta
293 2009 410 2075 idonea
443 2031 550 2091 manu,
584 2012 727 2076 vinctum
761 2011 867 2076 clauso
901 2032 955 2076 ore
986 2011 1020 2075 in
1052 2011 1208 2076 Palatium

167 2121 303 2180 traxere.
342 2116 541 2199 percontanti
564 2115 702 2196 Tiberio,
737 2136 798 2198 quo
822 2114 916 2181 modo
939 2115 1084 2200 Agrippa
1105 2114 1209 2181 factus

167 2225 263 2298 esset,
286 2218 490 2302 respondisse
512 2218 612 2283 fertur
634 2212 707 2301 ‘quo
729 2219 823 2284 modo
838 2225 873 2283 tu
890 2215 1027 2284 Caesar.³
1050 2225 1084 2282 ut
1100 2219 1209 2284 ederet

169 2321 272 2386 socios
295 2321 400 2405 subigi
422 2342 486 2386 non
509 2322 620 2406 potuit.
655 2342 716 2386 nec
738 2322 884 2387 Tiberius
907 2341 1043 2406 poenam
1066 2323 1134 2388 eius
1156 2343 1208 2406 pa-

168 2424 233 2489 lam
255 2445 362 2506 ausus,
385 2426 419 2490 in
442 2426 696 2516 secreta0Palatii
718 2432 808 2510 parte
827 2425 963 2491 interfici
978 2427 1068 2491 iussit
1084 2447 1208 2511 corpus-

166 2549 230 2610 que
253 2529 334 2593 clam
356 2528 482 2594 auferri.
518 2535 550 2594 et
572 2549 764 2612 quamquam
787 2528 877 2593 multi
901 2549 918 2594 e
942 2529 1034 2594 domo
1057 2530 1208 2614 principis

168 2632 354 2714 equitesque
376 2653 414 2697 ac
437 2639 601 2698 senatores
624 2638 819 2698 sustentasse
842 2631 965 2716 opibus,
995 2632 1115 2697 iuvisse
1138 2653 1208 2698 oon-

168 2735 248 2802 siliis
270 2734 460 2819 dicerentur,
483 2735 569 2801 haud
592 2737 780 2818 quaesitum.

255 2840 308 2903 41.
332 2839 413 2904 Fine
435 2840 512 2904 anni
534 2861 627 2906 arcus
649 2847 778 2925 propter
800 2838 914 2904 aedem
936 2839 1064 2906 Saturni
1093 2839 1134 2904 ob
1164 2860 1209 2905 re-

169 2950 262 3027 cepta
286 2943 379 3026 signa
401 2964 472 3009 oum
485 2945 569 3009 Varo
592 2944 711 3009 amissa
732 2942 828 3008 ductu
845 2943 1035 3024 Germanici,
1058 2944 1209 3028 auspiciis

168 3046 298 3126 Tiberii,
322 3052 354 3110 et
376 3046 473 3112 aedes
496 3048 600 3112 Fortis
615 3047 775 3112 Fortunae
790 3047 931 3112 liberim
946 3048 1036 3111 iuxta
1051 3048 1084 3111 in
1100 3047 1208 3129 hortis,

170 3169 248 3231 quos
265 3150 384 3214 Caesar
399 3150 534 3215 dictator
548 3151 664 3235 populo
681 3151 825 3216 Romano
841 3149 1013 3233 legaverat,
1037 3151 1209 3215 sacrarium

169 3254 257 3338 genti
280 3253 380 3318 Iuliae
410 3253 597 3338 effigiesque
627 3252 702 3319 divo
724 3254 868 3337 Augusto
895 3254 981 3338 apud
1003 3254 1142 3320 Bovillas
1165 3253 1211 3318 di-

169 3363 291 3421 cantur.

259 3564 292 3629 O.
307 3564 414 3629 Caelio
430 3565 465 3628 L.
483 3565 657 3649 Pomponio
673 3565 855 3631 consulibus
871 3564 1078 3629 Germanicus
1094 3565 1211 3630 Caesar
1229 3557 1380 3671 {mh

170 3687 198 3731 a.
223 3666 253 3730 d.
278 3667 349 3731 Vll.
373 3668 444 3732 Kal.
470 3668 578 3732 lunias
602 3667 807 3752 triumphavit
831 3666 871 3732 de
894 3667 1062 3734 Cheruscis
1079 3668 1211 3734 Chattis-

172 3790 233 3851 que
256 3776 288 3835 et
310 3771 510 3855 Angrivariis
533 3792 679 3854 quaeque
701 3773 784 3836 aliae
806 3773 952 3837 nationes
974 3791 1074 3854 usque
1096 3771 1138 3836 ad
1161 3772 1212 3836 Al-

171 3873 237 3940 bim
268 3875 381 3940 colunt.
429 3881 520 3940 vecta
550 3876 660 3960 spolia,
692 3875 820 3961 captivi,
851 3875 1022 3942 simulacra
1047 3876 1227 3954 montium,
