2760 4214
185 124 247 189 182
418 140 467 195 Ab
486 154 602 194 excessu
619 140 652 194 D.
666 140 792 210 Augusti
804 140 845 195 VI
863 143 975 198 26-29.

181 315 281 380 vitam
304 315 437 399 fugeret.
475 321 641 379 aversatus
664 334 840 379 sermonem
863 315 972 380 Nerva
993 315 1223 380 abstinentiam

183 420 245 484 cibi
269 419 442 485 coniunxit.
467 418 614 483 ferebant
635 418 727 501 gnari
750 418 977 501 cogitationum
999 419 1079 500 eins,
1103 426 1224 502 quanto

183 523 311 607 propius
334 522 417 585 mala
438 522 484 587 rei
507 521 654 605 publicae
677 522 804 603 viseret,
827 521 875 585 ira
897 528 929 587 et
951 530 1047 604 metu,
1079 521 1156 587 dum
1178 525 1224 588 in-

183 633 282 711 teger,
306 625 381 690 dum
403 626 619 708 intemptatus,
642 624 809 689 honestum
832 624 929 690 finem
950 626 1097 691 voluisse.

40 728 134 779 aaran
271 731 419 796 Ceterum
441 729 638 812 Agrippinae
661 729 828 813 pernicies,
859 729 945 811 quod
973 730 1030 794 vix
1060 729 1224 812 credibile,

20 798 153 917 01:¹53...
184 833 369 898 Plancinam
393 832 498 897 traxit.
524 838 624 916 nupta
646 833 720 896 olim
744 833 800 897 Cn.
824 832 933 898 Pisoni
955 840 988 898 et
1009 835 1116 917 palam
1137 835 1224 899 laeta

70 937 106 980 θ’*
185 944 284 1002 morte
308 936 499 1016 Germanici,
531 956 601 999 cnm
624 936 698 1001 Piso
722 934 859 1018 caderet,
889 936 1037 1020 precibus
1058 938 1225 1020 Augustae

30 1005 147 1059 ”mm
185 1060 245 1105 nec
267 1039 371 1104 minus
394 1038 566 1103 inimicitiis
588 1038 785 1122 Agrippinae
807 1037 941 1104 defensa
963 1047 1039 1104 erat.
1062 1047 1099 1105 ut
1117 1039 1226 1105 odium

185 1150 217 1210 et
238 1144 341 1228 gratia
363 1142 496 1224 desiere,
519 1143 569 1208 ius
591 1142 704 1227 valuit3
746 1143 909 1226 petitaque
932 1144 1116 1209 criminibus
1137 1143 1225 1208 hand

184 1248 302 1334 ignotis
325 1268 383 1313 sua
409 1267 505 1312 manu
536 1267 606 1312 sora
635 1247 737 1331 magis
768 1267 862 1330 qnam
892 1248 1039 1313 inmerita
1068 1248 1227 1333 supplicia

184 1352 345 1437 persolvit.

12 1455 168 1510 3⁸²¹¹²6²ltss¹
271 1455 323 1520 27.
347 1457 409 1520 Tot
431 1456 567 1520 luctibus
588 1454 716 1519 funesta
739 1455 867 1520 civitate
890 1476 965 1540 pars
986 1456 1138 1521 maeroris
1154 1455 1225 1537 fuit,

24 1525 150 1657 mgr&
186 1560 269 1642 qnod
293 1560 374 1624 Iulia
395 1559 491 1624 Drusi
514 1558 588 1639 filia,
613 1558 772 1640 quondam
795 1560 932 1625 Neronis
954 1580 1044 1641 uxor,
1075 1559 1227 1643 denupsit

25 1683 63 1727 m
75 1683 153 1728 aeon
185 1664 217 1727 in
241 1663 368 1729 domum
384 1662 520 1728 Rubellii
536 1661 660 1742 Blandi,
684 1662 772 1727 cuius
788 1682 883 1727 avum
897 1663 1061 1728 Tiburtem
1084 1663 1226 1745 equitem

44 1752 134 1875 {mg
184 1768 361 1832 Romanum
384 1767 526 1850 plerique
548 1765 767 1831 meminerant.
791 1773 934 1831 extremo
948 1767 1026 1831 anni
1041 1786 1126 1832 mors
1142 1766 1225 1832 Aelii

20 1889 158 1943 sammua
184 1871 314 1935 Lamiae
349 1870 460 1934 funere
491 1870 632 1934 censorio
663 1869 831 1950 celebrata,
866 1870 920 1951 qui
953 1869 1226 1935 administrandae

12 1961 166 2082 agaza·
185 1974 295 2039 Suriae
317 1973 456 2056 imagine
479 1971 609 2038 tandem
632 1973 795 2038 exsolutus
815 1974 886 2039 urbi
908 1974 1098 2057 praefuerat.
1122 1994 1227 2058 genus

185 2077 229 2140 illi
252 2076 410 2156 decorum,
433 2074 543 2140 vivida
566 2083 727 2160 senectus,
751 2082 783 2140 et
805 2097 869 2141 non
891 2078 1046 2161 permissa
1060 2077 1226 2161 provincia

185 2180 402 2264 dignationem
432 2179 608 2245 addiderat.
656 2180 751 2245 exim·
771 2181 886 2246 Flacco
913 2181 1089 2266 Pomponio
1112 2182 1226 2248 Suriae

185 2304 242 2369 pro
269 2291 414 2367 praetore
440 2283 591 2350 defuncto
618 2285 791 2350 recitantur
814 2285 960 2351 Caesaris
988 2285 1122 2367 litterae,
1154 2288 1227 2369 quis

185 2389 352 2453 incusabat
385 2388 548 2472 egregium
587 2408 743 2470 quemque
777 2395 810 2454 et
842 2389 992 2473 regendis
1030 2390 1225 2456 exercitibus

184 2492 333 2558 idoneum
359 2493 500 2558 abnuere
527 2491 560 2556 id
588 2512 712 2573 munna,
743 2513 840 2574 seque
864 2513 902 2557 ea
924 2493 1160 2560 necessitudine
1182 2494 1226 2559 ad

185 2617 296 2682 preces
319 2598 398 2681 cogi,
433 2618 490 2681 per
513 2617 592 2678 quas
615 2596 825 2661 consularium
847 2597 945 2679 aliqui
969 2617 1135 2682 capessere
1157 2620 1227 2684 pro

185 2701 308 2767 vincias
330 2701 544 2784 adigerentur,
566 2692 682 2765 'oblitus
697 2701 892 2782 Arruntium,
916 2723 957 2767 ne
979 2702 1013 2766 in
1035 2703 1226 2787 Hispaniam

186 2811 341 2889 pergeret,
365 2803 522 2869 decimum
542 2805 605 2868 iam
625 2824 745 2868 annum
760 2804 897 2870 attineri.
920 2805 999 2870 obiit
1014 2805 1125 2870 eodem
1141 2827 1227 2872 anno

186 2915 219 2973 et
240 2908 292 2971 Μ’.
309 2906 458 2990 Lepidus,
482 2907 523 2972 de
546 2907 634 2972 cuins
657 2907 873 2974 moderatione
896 2917 992 2991 atque
1015 2910 1173 2993 sapientia
1192 2911 1227 2975 in

187 3011 343 3095 prioribus
364 3010 452 3075 libris
475 3012 552 3076 satis
575 3011 747 3078 conlocari.
793 3032 897 3093 neque
927 3013 1076 3078 nobilitas
1106 3012 1227 3080 diutius

187 3112 434 3180 demonstranda
467 3121 529 3193 est:
564 3115 681 3198 quippe
715 3116 885 3180 Aemilium
918 3136 1020 3200 genus
1053 3115 1226 3182 fecundum

188 3218 339 3283 bonorum
363 3217 489 3298 civium,
513 3226 545 3282 et
568 3218 621 3300 qui
644 3218 756 3284 eadem
771 3219 892 3284 familia
908 3220 1060 3305 conuptis
1075 3221 1227 3303 moribus,

187 3321 310 3388 inlustri
333 3328 439 3387 tamen
461 3322 588 3387 fortuna
610 3342 712 3407 egere.

30 3526 74 3572 aa
87 3526 157 3580 anon
277 3530 327 3594 28.
351 3530 449 3595 Paulo
472 3531 573 3595 Fabio
596 3531 631 3594 L.
648 3531 775 3596 Vitellio
799 3531 980 3596 consulibus
1003 3537 1074 3616 post
1095 3531 1228 3615 longum

47 3596 140 3652 m
189 3636 383 3701 saeculorum
413 3635 567 3699 ambitum
597 3634 666 3700 avis
698 3635 837 3719 phoenix
868 3636 902 3699 in
923 3637 1108 3721 Aegyptum
1138 3638 1230 3701 venit

189 3737 396 3823 praebuitque
423 3739 587 3803 materiem
613 3738 805 3805 doctissimis
831 3738 1053 3824 indigenarum
1077 3745 1109 3804 et
1132 3739 1229 3807 Grae·

184 3861 292 3908 corum
323 3841 424 3907 multa
455 3861 549 3928 super
571 3863 609 3909 eo
631 3843 781 3908 miraculo
808 3842 994 3908 disserendi.
1041 3842 1081 3908 de
1112 3844 1230 3925 quibus
