2760 4214
205 174 267 240 102
438 191 488 245 Ab
508 205 623 246 excessu
641 190 674 244 D.
687 189 813 260 Augusti
832 190 875 244 ΙΙΙ
894 193 1006 248 31-34.
1081 151 1085 160 ⁸

202 366 318 448 multis,
342 386 474 448 quorum
496 365 529 429 in
552 363 720 448 pecuniam
742 369 838 446 atque
853 364 973 429 famam
988 364 1243 431 damnationibus

203 475 235 535 et
256 468 349 533 hasta
371 469 544 534 saeviebat.

77 573 137 618 ’³2¹¹‘
289 572 340 637 32.
365 573 478 655 Neque
500 571 597 636 multo
619 578 691 656 post
713 571 818 637 missis
840 569 882 635 ad
905 578 1049 636 senatum
1064 572 1177 638 litteris
1191 573 1242 637 Ti·

47 641 165 764 dm
201 676 308 744 berius
328 682 446 741 motam
464 695 587 740 rursum
602 674 743 740 Africam
758 674 885 740 incursu
900 675 1112 741 Tacfarinatis
1127 675 1243 758 docuit,

56 798 157 852 narsus,
202 779 381 862 iudicioque
403 785 528 863 patrum
551 777 759 862 deligendum
777 800 834 864 pro
858 779 986 844 consule
1008 800 1143 862 gnarum
1165 781 1243 845 mili-

38 866 171 988 5:2⁸de
201 885 275 965 tiae,
299 903 428 966 corpore
450 881 591 947 validum
614 887 646 946 et
668 882 750 947 bello
773 883 986 948 suffecturum.
1016 883 1100 966 quod
1115 884 1239 948 initium

202 989 277 1054 Sex.
301 985 471 1070 Pompeius
493 983 636 1068 agitandi
659 985 812 1052 adversus
833 986 976 1051 Marcum
994 986 1152 1071 Lepidum
1174 986 1239 1052 odii

202 1096 347 1170 nanctae,
370 1095 405 1154 ut
428 1087 599 1172 socordem,
629 1089 757 1174 inopem
789 1095 821 1154 et
850 1090 1021 1156 maioribus
1051 1090 1116 1155 suis
1146 1089 1241 1157 dede-

203 1213 309 1259 corum
337 1212 437 1276 eoque
460 1181 674 1258 etiam'Asiae
704 1200 787 1258 sorte
818 1192 1041 1278 depellendum
1071 1195 1238 1277 incusavit,

201 1296 336 1362 adverso
366 1302 489 1378 senatu,
521 1296 575 1378 qui
597 1295 754 1381 Lepidum
780 1297 890 1362 mitem
912 1298 1014 1382 magis
1037 1318 1132 1380 quam
1155 1298 1241 1382 igna-

201 1422 286 1483 vum,
315 1406 467 1485 ,paternas
498 1400 527 1466 ei
557 1400 722 1484 angustias
752 1407 784 1465 et
812 1400 1010 1467 nobilitatem
1033 1401 1102 1467 sine
1124 1403 1239 1486 probro

201 1511 306 1571 actam
328 1504 440 1570 honori
456 1525 552 1586 quam
567 1504 761 1588 ignominiae
775 1503 957 1569 habendam
973 1503 1119 1570 ducebat.
1143 1506 1240 1590 igitur

202 1609 316 1675 missus
331 1609 364 1673 in
379 1609 501 1689 Asiam,
525 1613 557 1673 et
572 1606 612 1672 de
627 1607 736 1672 Africa
751 1606 922 1689 decretum,
939 1615 973 1673 ut
989 1610 1106 1674 Caesar
1121 1609 1239 1693 legeret

93 1774 96 1778 r
202 1712 254 1777 cui
274 1710 458 1776 mandanda
481 1712 571 1778 foret.

29 1814 184 1929 “wit“
289 1816 339 1880 33.
363 1816 451 1881 Inter
478 1835 559 1898 quae
583 1815 718 1881 Severus
741 1815 879 1880 Caecina
909 1816 1041 1896 censuit,
1071 1837 1113 1913 ne
1143 1836 1238 1898 quem

39 1952 73 1998 to
86 1893 170 2007 mdia
201 1919 432 2004 magistratum,
455 1939 526 1983 cum
542 1919 706 2004 provincia
720 1919 912 1999 obvenisset,
933 1939 1014 1984 uxor
1029 1921 1238 2001 comitaretur,

43 2023 118 2077 l⁰li²¹¹
132 2024 172 2069 ³2¹¹
202 2024 335 2088 multum
364 2029 439 2087 ante
468 2024 602 2107 repetito
633 2021 820 2089 concordem
848 2023 909 2089 sibi
937 2023 1105 2107 coniugem
1128 2030 1159 2088 et
1181 2043 1238 2089 sex

38 2092 178 2216 ,fama
202 2133 311 2212 partus
338 2126 475 2207 enixam,
503 2145 600 2209 seque
623 2146 705 2209 quae
727 2127 760 2191 in
782 2128 944 2211 publicum
974 2133 1126 2193 statueret
1155 2126 1240 2192 domi

47 2231 169 2284 auctura
203 2230 390 2310 servavisse,
414 2227 552 2294 cohibita
573 2230 656 2294 intra
678 2230 814 2312 Italiam,
837 2251 1029 2314 quamquam
1051 2231 1120 2315 ipse
1143 2231 1240 2314 pluris

65 2301 150 2424 ἓξὲξ
202 2354 260 2419 per
288 2333 468 2418 provincias
499 2332 710 2416 quadraginta
732 2333 891 2418 stipendia
904 2326 1116 2419 explevisset.
1162 2333 1240 2399 haut

203 2437 288 2503 enim
317 2436 434 2502 frustra
459 2436 610 2522 placitum
633 2437 717 2518 olim,
748 2458 790 2502 ne
821 2437 960 2503 feminae
990 2439 1023 2503 in
1053 2438 1155 2503 socios
1184 2443 1239 2501 aut

202 2547 315 2627 gentes
338 2547 487 2606 externas
513 2539 726 2605 traherentur:
757 2541 863 2606 inesse
889 2541 1054 2606 mulierum
1078 2540 1240 2606 comitatui

203 2665 284 2729 quae
298 2665 411 2730 pacem
422 2646 510 2725 luxu,
526 2645 643 2709 bellum
659 2644 828 2709 formidine
843 2651 1004 2710 morentur
1019 2650 1050 2710 et
1061 2647 1240 2710 Romanum

203 2769 319 2834 agmen
339 2747 380 2812 ad
396 2747 633 2814 similitudinem
649 2748 776 2814 barbari
792 2749 933 2814 incessus
949 2753 1143 2814 convertant.
1175 2768 1238 2812 non

203 2852 385 2918 inbecillum
415 2857 537 2915 tantum
568 2857 600 2915 et
625 2851 769 2935 inparem
796 2851 958 2918 laboribus
980 2871 1102 2932 sexum,
1134 2851 1191 2917 sed
1213 2851 1240 2916 si

202 2956 331 3020 licentia
359 2952 453 3034 adsit,
485 2974 625 3036 saevum,
657 2955 869 3037 ambitiosum,
899 2956 1064 3040 potestatis
1094 2955 1239 3039 avidum;

204 3056 350 3123 incedere
379 3057 461 3122 inter
490 3058 616 3139 milites,
646 3058 765 3123 habere
794 3057 837 3123 ad
866 3078 996 3123 manum
1026 3059 1242 3141 centuriones;

203 3159 402 3247 praesedisse
425 3180 525 3246 nuper
547 3161 700 3226 feminam
723 3162 874 3227 exercitio
897 3162 1081 3243 cohortium,
1104 3161 1239 3226 decursu

202 3265 372 3348 legionum.
412 3264 588 3349 cogitarent
609 3264 680 3349 ipsi,
703 3265 849 3348 quotiens
872 3265 1118 3350 repetundarum
1140 3264 1239 3347 aliqui

203 3375 418 3454 arguerentur,
441 3369 532 3453 plura
555 3369 707 3434 uxoribus
729 3369 894 3434 obiectari:
926 3368 976 3434 his
999 3369 1105 3435 statim
1127 3366 1242 3432 adhae-

203 3492 326 3538 rescere
342 3471 544 3538 deterrimum
559 3492 717 3555 quemque
732 3474 982 3557 provincialium,
998 3475 1040 3539 ab
1052 3471 1102 3537 his
1114 3471 1243 3555 negotia

204 3576 331 3660 suscipi,
361 3575 509 3660 transigi;
541 3573 674 3641 duorum
697 3596 843 3660 egressus
867 3577 936 3658 ooli,
968 3575 1029 3641 duo
1057 3596 1127 3642 esse
1154 3594 1242 3658 prae-

203 3679 291 3761 toria,
315 3679 534 3763 pervicacibus
555 3679 658 3763 magis
680 3682 712 3744 e't
727 3680 942 3765 inpotentibus
957 3681 1123 3745 mulierum
1138 3679 1243 3759 iussis,

203 3803 286 3866 quae
308 3783 420 3868 Oppiis
443 3781 604 3866 quondam
626 3783 760 3866 aliisque
782 3785 906 3869 legibus
929 3784 1127 3864 constrictae,
1157 3802 1244 3847 nunc

189 3885 308 3952 vinclis
331 3887 490 3956 exsolutis
512 3885 636 3974 domos,
658 3885 738 3976 fora,
759 3887 826 3954 iam
847 3895 879 3955 et
901 3887 1061 3953 exercitus
1083 3892 1239 3972 regerent.
