2760 4214
452 191 476 230 a.
491 176 523 232 U.
537 192 560 232 c.
574 179 632 232 776.
656 193 683 244 p.
696 177 760 231 Chr.
773 180 815 233 23.
1093 162 1154 228 125

113 355 308 430 convertere,
333 370 424 432 quae,
453 371 540 417 soror
562 351 753 432 Germanici,
781 350 904 416 formae
927 351 1017 418 initio
1039 353 1154 418 aetatis

111 451 289 534 indecorae,
312 474 387 518 mox
402 453 637 537 pulchritudine
652 455 874 539 praecellebat.
898 456 982 520 hanc
998 463 1031 520 ut
1046 476 1154 521 amore

111 555 260 622 incensus
294 557 449 622 adulterio
480 557 621 643 pellexit,
657 565 689 622 et
718 565 886 642 postquam
917 559 1011 642 primi
1040 558 1152 643 flagitii

111 659 230 742 potitus
252 666 301 725 est
324 660 441 746 (neque
463 660 583 725 femina
605 661 723 727 amissa
737 661 891 746 pudicitia
905 663 969 726 alia
984 662 1152 748 abnuerit),

111 762 154 827 ad
176 763 314 847 coniugii
337 784 437 850 spem,
462 765 654 831 consortium
677 766 768 849 regni
791 772 823 831 et
845 786 956 831 necem
979 767 1083 831 mariti
1098 767 1153 831 im-

111 866 199 950 pulit.
226 875 322 949 atque
344 869 408 952 illa,
433 869 483 933 cui
505 869 681 933 avunculus
696 871 870 953 Augustus,
894 890 982 936 socer
996 870 1151 951 Tiberius,

112 989 154 1034 ex
175 972 280 1036 Druso
309 972 411 1053 liberi,
443 992 541 1055 seque
567 993 606 1038 ac
628 974 763 1038 maiores
791 981 823 1038 et
852 980 994 1059 posteros
1024 973 1152 1039 munici-

111 1075 174 1159 pali
205 1076 348 1142 adultero
378 1076 541 1158 foedabat,
572 1084 607 1142 ut
633 1099 690 1162 pro
712 1078 854 1144 honestis
877 1086 910 1144 et
931 1079 1153 1162 praesentibus

111 1178 269 1263 flagitiosa
292 1188 324 1246 et
346 1180 469 1246 incerta
492 1188 702 1267 exspectaret.
728 1183 860 1247 sumitur
876 1182 909 1247 in
925 1183 1152 1248 conscientiam

110 1283 280 1365 Eudemus,
304 1286 425 1350 amicus
440 1305 479 1349 ac
495 1285 637 1350 medicus
648 1286 770 1366 Liviae,
788 1286 894 1370 specie
909 1285 986 1351 artis
1001 1286 1152 1368 frequens

111 1389 249 1454 secretis.
280 1389 370 1472 pellit
393 1389 485 1454 domo
511 1389 646 1455 Seianus
668 1409 800 1455 uxorem
822 1390 1001 1473 Apicatam,
1025 1409 1066 1454 ex
1090 1410 1152 1472 qua

110 1497 174 1557 tres
188 1491 305 1558 liberos
319 1499 483 1576 genuerat,
506 1512 548 1557 ne
563 1493 678 1577 paelici
694 1499 935 1577 suspectaretur.
959 1493 1017 1558 sed
1032 1495 1151 1578 magni·

110 1595 186 1660 tudo
209 1595 358 1661 facinoris
381 1603 510 1678 metum,
538 1596 740 1682 prolationes,
764 1596 891 1662 diversa
906 1597 1063 1662 interdum
1080 1617 1151 1663 oon·

110 1699 180 1764 silia
201 1698 377 1765 adferebat.

195 1803 225 1866 4.
243 1804 373 1868 Interim
389 1804 467 1867 anni
481 1803 636 1889 principio
652 1804 774 1869 Drusus
790 1824 831 1868 ex
844 1804 1026 1869 Germanici
1041 1805 1150 1871 liberis
1211 1803 1283 1882 ,W

109 1912 216 1989 togam
245 1906 368 1970 virilem
400 1907 544 1990 sumpsit,
576 1927 721 1989 quaeque
748 1907 838 1972 fratri
865 1907 933 1973 eius
956 1909 1075 1974 Neroni
1098 1909 1149 1975 de·
1193 1873 1297 1994 3ιὶΒῖἶῇ

110 2014 252 2074 creverat
267 2016 396 2074 senatus
411 2010 554 2093 repetita.
578 2009 702 2075 addidit
718 2011 892 2075 orationem
906 2011 1033 2094 Caesar,
1050 2012 1150 2077 multa
1168 2011 1313 2126 &22:³33

110 2132 180 2177 oum
210 2112 304 2176 laude
334 2111 390 2176 filii
417 2113 475 2194 sui,
508 2112 592 2195 quod
615 2113 718 2197 patria
741 2114 965 2179 benevolentia
987 2115 1021 2179 in
1044 2115 1149 2180 fratris

108 2214 223 2281 liberos
239 2215 328 2280 foret.
357 2236 432 2280 nam
447 2217 578 2297 Drusus,
603 2236 793 2298 quamquam
816 2216 950 2282 arduum
974 2219 1014 2284 sit
1037 2217 1149 2284 eodem

108 2318 168 2384 loci
191 2321 365 2403 potentiam
382 2327 413 2384 et
428 2319 628 2386 concordiam
651 2339 730 2401 esse,
754 2340 876 2402 aequus
891 2320 1149 2387 adulescentibus

108 2429 163 2486 aut
186 2429 270 2487 certe
292 2443 356 2487 non
379 2422 533 2488 adversus
556 2422 743 2489 habebatur.
785 2423 860 2488 cxin
883 2430 975 2490 vetus
998 2431 1030 2490 et
1052 2446 1148 2510 saepe
1198 2425 1286 2480 W·

61 2569 64 2574 -
108 2525 288 2590 simulatum
311 2526 533 2612 proficiscendi
554 2528 588 2591 in
612 2527 793 2611 provincias
817 2528 981 2592 consilium
1005 2528 1146 2594 refertur.
1171 2493 1317 2549 mmmm*

108 2629 342 2695 multitudinem
369 2637 591 2696 veteranorum
618 2631 830 2715 praetexebat
856 2631 1027 2715 imperator
1050 2638 1082 2696 et
1105 2632 1148 2696 di-

108 2734 242 2800 lectibus
264 2735 458 2821 supplendos
481 2736 654 2801 exercitus:
682 2755 758 2800 nam
781 2735 994 2801 voluntarium
1016 2736 1149 2801 militem

107 2836 229 2919 deesse,
252 2858 290 2902 ac
313 2839 339 2903 si
362 2838 554 2924 suppeditet,
578 2859 642 2903 non
666 2838 778 2904 eadem
801 2838 917 2904 virtute
940 2859 978 2904 ac
993 2839 1149 2905 modestia

107 2961 212 3025 agere,
243 2942 317 3024 quia
346 2942 532 3028 plerumque
562 2943 674 3027 inopes
703 2963 742 3007 ac
769 2943 845 3026 vagi
868 2949 980 3027 sponte
1003 2943 1148 3008 militiam

107 3052 241 3110 sumant.
266 3046 510 3130 percensuitque
525 3047 640 3111 cursim
664 3065 829 3111 numerum
845 3046 1005 3131 legionum
1022 3055 1053 3112 et
1068 3067 1148 3130 quas

106 3150 285 3232 provincias
315 3157 502 3216 tutarentur.
549 3150 634 3232 quod
657 3150 735 3214 mibi
759 3170 883 3232 quoque
907 3151 1147 3233 exsequendum

105 3273 185 3334 reor,
210 3274 290 3335 quae
313 3260 389 3319 tunc
410 3256 555 3321 Romana
577 3255 668 3339 copia
690 3255 723 3319 in
746 3255 852 3335 armis,
876 3255 931 3336 qui
953 3255 1029 3321 socii
1044 3274 1146 3339 reges,

106 3363 223 3438 quanto
246 3358 287 3422 sit
309 3359 476 3441 angustius
499 3359 723 3442 imperitatum.

191 3460 221 3525 ὁ.
245 3461 371 3526 Italiam
394 3467 526 3545 utroque
543 3463 622 3526 mari
638 3461 721 3526 duae
737 3462 865 3543 classes,
889 3462 1045 3527 Misenum
1061 3461 1146 3545 apud
1168 3528 1207 3572 Μ
1221 3458 1262 3572 {¹²
1304 3532 1313 3574 t

105 3572 136 3629 et
151 3567 349 3647 Ravennam,
373 3567 617 3651 proximumque
633 3566 756 3631 Galliae
778 3566 854 3630 litus
876 3571 1030 3630 rostratae
1046 3586 1145 3632 naves
1164 3531 1319 3651 mappam

103 3668 338 3752 praesidebant,
370 3690 449 3753 quas
472 3670 605 3735 Actiaca
631 3671 765 3736 victoria
792 3676 903 3753 captas
925 3669 1089 3752 Augustus
1112 3671 1146 3735 in
1193 3667 1291 3713 md·

103 3772 254 3857 oppidum
277 3773 494 3839 Foroiuliense
525 3775 655 3839 miserat
683 3774 790 3839 valido
818 3794 889 3839 cum
913 3773 1042 3858 remige.
1089 3773 1146 3838 sed

103 3877 308 3963 praecipuum
330 3879 426 3944 robur
445 3877 592 3943 Rhenum
614 3878 717 3962 iuxta,
739 3877 960 3943 oommunein
970 3877 1159 3942 <ternanos
