2760 4214
450 219 476 256 a.
489 202 524 258 U.
536 219 558 257 c.
573 206 632 259 773.
659 220 685 272 p.
699 202 762 257 Chr.
775 205 817 260 20.
1112 187 1153 251 89

113 374 250 439 familias
273 381 454 441 constanter
476 376 591 441 tulerit.
630 376 791 460 principes
813 377 972 458 mortales,
1010 397 1076 441 rem
1099 396 1154 461 pu-

113 478 227 543 blicam
242 485 406 543 aeternam
422 499 502 544 esse.
530 480 622 563 proin
637 486 818 563 repeterent
833 480 1007 561 sollemnia,
1032 487 1063 545 et
1079 481 1153 562 quia

111 580 257 648 ludorum
278 583 486 666 Megalesium
514 584 729 668 spectaculum
758 585 896 665 suberat,
927 584 1024 648 etiam
1046 584 1153 668 volup-

112 692 195 751 tates
216 693 422 751 resumerent.

199 790 227 853 l.
251 791 333 854 Tum
357 797 453 855 exuto
473 791 594 856 iustitio
617 790 753 856 reditum
776 790 818 855 ad
840 792 958 874 munia,
985 798 1017 857 et
1030 793 1154 856 Drusus
1170 789 1327 912 {3¹ng

113 894 257 976 Illyricos
279 893 321 958 ad
345 894 504 959 exercitus
526 895 686 979 profectus
708 901 765 974 est,
789 895 902 960 erectis
925 895 1066 961 omnium
1088 894 1155 959 ani-

113 997 174 1062 mis
203 1017 260 1081 spe
289 996 447 1081 petendae
478 1018 496 1062 e
522 998 638 1064 Pisone
668 998 797 1064 ultionis
828 1005 860 1063 et
889 999 999 1064 crebro
1030 1005 1152 1082 questu,

113 1099 197 1181 quod
227 1120 330 1183 vagus
361 1101 487 1166 iuterim
517 1121 575 1185 per
603 1122 739 1167 amoena
761 1101 857 1167 Asiae
886 1109 983 1183 atque
1012 1102 1153 1167 Achaiae

113 1203 279 1287 adroganti
313 1211 345 1270 et
378 1204 512 1270 subdola
544 1226 632 1270 mora
663 1207 817 1271 scelerum
850 1207 1053 1290 probationes
1084 1206 1153 1271 sub·

112 1313 258 1372 verteret.
297 1328 372 1372 nam
402 1309 567 1392 vulgatum
600 1315 667 1374 erat
697 1309 836 1390 missam,
868 1317 902 1374 ut
932 1309 1011 1390 dixi,
1048 1330 1068 1374 a
1095 1309 1152 1374 Cn.

113 1412 221 1478 Sentio
243 1411 399 1477 famosam
421 1412 587 1478 veneficiis
608 1413 778 1477 Martinam
801 1413 907 1478 subita
929 1420 1030 1478 morte
1054 1414 1153 1478 Brun-

112 1513 185 1580 disii
216 1516 400 1596 extinctam,
431 1535 654 1598 venenumque
684 1517 768 1581 nodo
796 1517 928 1582 crinium
957 1516 1025 1581 eius
1052 1517 1153 1581 occul·

112 1625 222 1700 tatum,
253 1640 313 1685 nec
335 1620 399 1684 ulla
420 1620 454 1683 in
478 1640 607 1704 corpore
630 1621 723 1704 signa
749 1620 867 1704 sumpti
896 1620 987 1686 exitii
1016 1628 1150 1704 reperta.

199 1721 227 1786 8.
251 1723 294 1787 At
316 1723 390 1787 Piso
412 1723 586 1806 praemisso
609 1724 643 1787 in
664 1723 776 1788 urbem
798 1722 863 1789 filio
893 1723 1040 1806 datisque
1066 1744 1153 1788 man·
1191 1723 1236 1767 ¹¹³⁰
1251 1721 1305 1767 ΝΜ

112 1825 204 1909 datis,
234 1846 291 1911 per
321 1845 403 1908 quae
432 1827 608 1911 principem
637 1827 781 1908 molliret,
812 1826 855 1891 ad
875 1828 1015 1892 Drusum
1037 1827 1151 1911 pergit,
1184 1790 1310 1911 ,dmi

112 1950 206 2011 quem
233 1929 321 1994 baud
343 1929 450 1996 fratris
472 1931 601 1995 interitu
623 1937 745 1994 trucem
768 1951 863 2013 quam
886 1937 1006 1996 remoto
1028 1931 1152 1995 aemulo

111 2034 292 2115 aequiorem
315 2034 376 2099 sibi
399 2035 557 2118 sperabat.
588 2034 734 2099 Tiberius
750 2054 811 2116 quo
827 2035 985 2117 integrum
1000 2034 1152 2099 iudicium

113 2144 295 2220 ostentaret,
328 2145 498 2223 exceptum
529 2137 660 2203 comiter
686 2138 835 2205 iuvenem
859 2146 950 2203 sueta
972 2159 1049 2223 erga
1070 2137 1153 2204 filios

112 2241 302 2305 familiarum
324 2242 448 2307 nobiles
470 2241 660 2307 liberalitate
683 2250 788 2326 auget.
830 2243 954 2307 Drusus
976 2242 1093 2322 Pisoni,
1125 2242 1151 2308 si

114 2365 190 2410 vera
209 2345 314 2411 forent
337 2364 418 2428 quae
440 2345 627 2428 iacerentur,
650 2346 857 2430 praecipuum
881 2345 914 2410 in
937 2345 1044 2411 dolore
1060 2365 1152 2410 suum

114 2449 216 2513 locum
233 2448 409 2534 respondit:
433 2448 490 2514 sed
512 2449 608 2513 malle
631 2448 713 2514 falsa
736 2456 768 2514 et
789 2449 898 2514 inania
920 2469 980 2514 nec
1003 2440 1151 2531 cuiquam

12 2563 21 2583 ⁴
112 2559 244 2618 mortem
267 2553 448 2618 Germanici
471 2553 638 2618 exitiosam
662 2572 742 2617 esse.
773 2551 854 2617 haec
876 2553 982 2637 palam
1005 2559 1036 2617 et
1051 2551 1151 2617 vitato

111 2657 197 2722 omni
226 2664 360 2740 secret03
391 2675 496 2739 neque
526 2655 753 2721 dubitabantur
782 2655 977 2740 praescripta
1008 2655 1037 2720 ei
1060 2675 1080 2719 a
1101 2655 1152 2719 Ti·

111 2760 207 2841 berio,
242 2781 313 2826 cum
335 2759 503 2825 incallidus
524 2759 643 2842 alioqui
666 2766 698 2825 et
720 2759 823 2825 facilis
845 2759 975 2825 iuventa
998 2758 1151 2825 senilibus

110 2870 176 2927 tum
198 2864 320 2930 artibus
341 2871 492 2929 uteretur.
1215 2927 1217 2930 .

197 2966 226 3032 9.
257 2968 331 3032 Piso
360 2968 538 3033 Delmatico
567 2967 647 3032 mari
678 2967 824 3033 tramisso
854 2966 1034 3050 relictisque
1064 2966 1150 3052 apud
1168 2962 1323 3084 3¹:252&ss

109 3070 273 3135 Anconam
296 3071 433 3136 navibus
454 3091 512 3155 per
526 3071 678 3136 Picenum
700 3090 739 3135 ac
761 3091 837 3136 mox
852 3071 1042 3135 Flaminiam
1064 3071 1149 3136 viam
1194 3100 1298 3147 mmm,

112 3173 298 3256 adsequitur
326 3175 495 3259 legionem,
527 3194 609 3257 quae
638 3175 845 3240 ePannonia
867 3174 900 3239 in
924 3175 1044 3256 urbem,
1075 3174 1150 3239 dein

111 3277 268 3361 praesidio
283 3279 412 3344 Africae
431 3277 620 3363 ducebatur3
645 3297 745 3360 eaque
760 3298 810 3344 res
826 3279 947 3363 agitata
961 3278 1149 3359 rumoribus,

112 3388 148 3444 ut
172 3381 207 3445 in
233 3383 362 3467 agmine
388 3388 484 3464 atque
511 3381 625 3447 itinere
648 3383 759 3446 crebro
782 3400 817 3447 se
839 3381 992 3446 militibus
1014 3387 1150 3447 ostenta-

112 3486 218 3550 visset.
257 3487 298 3550 ab
322 3486 455 3567 Narnia,
478 3484 629 3550 vitandae
651 3484 841 3570 suspicionis
862 3505 905 3549 an
928 3485 1003 3568 quia
1023 3483 1150 3570 pavidis

112 3587 243 3654 consilia
272 3590 305 3653 in
335 3590 456 3656 incerto
487 3595 570 3670 sunt,
602 3589 749 3654 Nareae
771 3609 846 3654 mox
868 3589 975 3653 Tiberi
999 3588 1151 3654 devectus

111 3692 202 3757 auxit
217 3692 305 3777 vulgi
321 3692 393 3774 iras,
418 3693 493 3775 quia
515 3711 631 3757 navem
655 3692 775 3757 tumulo
790 3693 962 3758 Caesarum
984 3691 1151 3777 adpulerat

112 3795 226 3879 dieque
249 3803 281 3863 et
303 3797 373 3882 ripa
395 3795 565 3879 frequenti,
596 3815 713 3880 magno
736 3796 898 3861 clientium
920 3796 1049 3880 agmine
1070 3795 1150 3881 ipse,

109 3898 299 3966 feminarum
323 3901 473 3966 comitatu
494 3899 648 3965 Plancina
671 3906 703 3964 et
725 3899 817 3966 vultu
837 3899 964 3966 alacres
979 3900 1164 3964 incessere.
