2760 4214
196 176 258 242 180
429 195 478 250 Ab
496 209 611 249 excessu
627 194 661 248 D.
675 194 803 264 Augusti
821 195 863 250 Vl
880 197 991 251 22-26.

193 389 232 434 ao
254 376 360 434 tamen
384 370 570 434 electionem
597 367 683 433 vitae
710 368 802 434 nobis
824 368 1015 450 relinquunt,
1048 388 1143 451 quam
1177 370 1231 435 ubi

194 474 335 558 elegeris,
359 480 476 538 certum
501 472 732 537 imminentium
755 472 907 538 ordinem.
946 492 1049 554 neque
1072 473 1157 536 mala
1180 474 1233 538 vel

193 579 284 659 bona,
309 598 390 660 quae
413 577 528 661 vulgus
549 582 652 660 putet:
676 576 800 656 multos,
824 576 878 658 qui
899 574 1072 640 conflictari
1086 574 1232 642 adversis

192 681 369 762 videantur,
401 681 520 760 beaten,
551 686 585 744 at
610 680 776 763 plerosque
803 699 993 763 quamquam
1017 700 1152 764 magnas
1174 701 1232 764 per

192 805 270 869 opes
298 785 498 865 miserrimos,
529 784 556 848 si
579 784 623 847 illi
645 803 776 867 gravem
799 783 957 847 fortunam
981 789 1163 849 constanter
1186 790 1228 849 to

191 889 302 968 lerent,
324 887 357 951 hi
380 907 531 971 prospera
553 887 730 953 inconsulte
753 893 889 951 utantur.
922 892 1060 952 ceterum
1083 887 1227 971 plurimis

191 990 368 1056 mortalium
390 1011 453 1054 non
478 990 635 1071 eximitur,
663 990 739 1071 quin
762 990 863 1073 primo
887 989 1038 1072 cuiusque
1061 995 1131 1055 ortu
1154 1010 1229 1055 ven-

191 1100 261 1158 tura
288 1093 494 1174 destinentur,
525 1092 582 1158 sed
613 1092 769 1176 quaedam
799 1113 890 1158 secus
922 1113 1017 1175 quam
1047 1092 1134 1158 dicta
1164 1094 1228 1158 sint

191 1197 313 1278 cadere,
344 1197 478 1262 fallaciis
507 1197 620 1280 ignara
648 1195 835 1260 dicentium:
866 1197 911 1260 ita
943 1197 1101 1281 corrumpi
1131 1197 1228 1263 fidem

190 1302 276 1383 artis,
307 1302 396 1366 cuius
427 1302 510 1365 clara
533 1301 722 1365 documenta
745 1301 930 1382 etantiqua
953 1307 1042 1365 aetas
1065 1307 1097 1365 et
1119 1309 1230 1367 nostra

189 1406 303 1470 tulerit.
332 1406 450 1490 quippe
471 1425 492 1468 a
507 1405 571 1469 filio
587 1403 728 1469 eiusdem
744 1403 902 1469 Thrasulli
917 1403 1115 1489 praedictum
1130 1407 1229 1471 Nero·

189 1509 239 1575 nis
261 1509 428 1593 imperium
450 1509 483 1572 in
506 1514 648 1591 tempore
670 1508 904 1589 memorabitur,
927 1529 968 1573 ne
990 1528 1076 1572 nunc
1098 1509 1227 1593 incepto

188 1613 312 1697 longius
334 1613 476 1677 abierim.

26 1709 163 1832 mmm
275 1716 326 1780 23.
358 1714 464 1780 Isdem
495 1715 677 1781 oonsulibus
707 1715 810 1779 Asinii
841 1714 923 1779 Galli
952 1735 1036 1779 mors
1065 1715 1227 1798 vulgatur,

55 1849 134 1894 quau,
188 1839 282 1900 quem
305 1825 447 1902 egestate
470 1818 531 1883 cibi
554 1824 751 1902 peremptum
774 1816 860 1881 haud
883 1816 1024 1899 dubium,
1048 1824 1161 1901 sponte
1183 1839 1227 1883 an

16 1918 59 1962 “¹¹³
78 1918 169 1972 aruaa
187 1922 385 2002 necessitate,
410 1922 563 1986 incertum
586 1920 771 1986 habebatur.
796 1921 1019 2002 consultusque
1042 1922 1162 1987 ansar
1183 1942 1225 1986 an

187 2024 313 2108 sepeliri
336 2023 462 2107 sineret,
487 2044 549 2088 non
573 2023 697 2089 erubuit
719 2024 900 2107 permittere
917 2024 1058 2106 ultroque
1077 2025 1226 2091 incusare

187 2147 288 2208 casus,
319 2128 373 2209 qui
400 2146 488 2191 reum
514 2127 728 2207 abstulissent,
759 2134 931 2208 antequam
961 2147 1066 2191 coram
1097 2129 1226 2193 convin-

186 2236 321 2295 ceretur:
345 2230 465 2295 scilicet
488 2230 591 2296 medio
614 2231 748 2295 triennio
764 2229 909 2295 defuerat
925 2237 1050 2314 tempus
1065 2231 1225 2297 subeundi

185 2333 335 2399 iudicium
358 2334 516 2400 consulari
539 2334 617 2414 seni,
640 2340 687 2397 tot
709 2334 920 2398 consularium
942 2334 1075 2418 parenti.
1099 2334 1225 2401 Drusus

184 2437 301 2503 deinde
331 2438 534 2522 extinguitur,
566 2458 637 2502 cum
664 2458 699 2502 se
726 2438 913 2503 miserandis
935 2438 1104 2520 alimentis,
1136 2461 1224 2506 man-

184 2541 289 2607 dendo
320 2562 337 2606 e
368 2542 464 2606 cubili
498 2546 648 2621 tomento,
682 2562 801 2606 nonum
831 2540 873 2605 ad
903 2542 988 2606 diem
1021 2540 1221 2609 detinuisset.

183 2644 340 2710 tradidere
364 2644 493 2727 quidam
515 2644 744 2728 praescriptum
771 2643 871 2709 fuisse
892 2645 1042 2726 Macroni,
1075 2646 1102 2710 si
1132 2666 1224 2712 arma

183 2750 223 2814 ab
254 2749 370 2814 Seiano
399 2753 637 2832 temptarentur,
672 2753 850 2812 extractum
881 2748 1042 2813 custodiae
1072 2749 1223 2815 iuvenem

184 2852 272 2938 (nam
301 2852 335 2915 in
365 2852 487 2916 Palatio
517 2850 724 2935 attinebatur)
760 2851 874 2915 ducem
902 2852 1018 2935 populo
1048 2853 1221 2937 imponere.

183 2974 267 3034 mox,
298 2955 371 3036 quia
393 2975 498 3019 rumor
521 2955 689 3021 incedebat
711 2955 778 3020 fore
802 2961 833 3018 et
856 2975 936 3018 nuru
959 2975 997 3018 ac
1018 2956 1126 3038 nepoti
1151 2978 1222 3022 con-

183 3058 340 3122 ciliaretur
370 3058 496 3138 Caesar,
527 3058 692 3123 saevitiam
723 3078 818 3140 quam
847 3057 1075 3140 paenitentiam
1098 3061 1219 3125 maluit.

11 3157 165 3273 „afflatuue
269 3161 319 3223 24.
349 3159 432 3236 Quin
457 3167 488 3225 et
510 3163 655 3226 invectus
679 3163 711 3225 in
735 3160 920 3225 defunctum
941 3162 1057 3245 probra
1081 3164 1220 3246 corporis

56 3306 121 3349 0202„
184 3265 378 3330 exitiabilem
393 3265 427 3328 in
442 3285 526 3345 suos,
549 3265 708 3329 infensum
723 3265 770 3328 rei
785 3264 931 3348 publicae
946 3266 1087 3328 animum
1103 3266 1221 3331 obiecit

11 3365 50 3408 ”³¹¹
63 3367 163 3419 numu
182 3369 368 3450 recitarique
390 3368 544 3432 factorum
567 3367 785 3450 dictorumque
808 3368 875 3432 eius
898 3367 1058 3451 descripta
1077 3388 1134 3452 per
1150 3369 1220 3436 dies

181 3472 280 3552 iussit,
305 3491 366 3552 quo
389 3491 451 3535 non
474 3470 561 3534 aliud
584 3471 720 3536 atrocius
744 3471 861 3535 visum:
892 3470 1054 3536 adstitisse
1085 3478 1131 3536 tot
1161 3493 1220 3556 per

180 3595 290 3656 annea,
314 3576 367 3658 qui
390 3576 521 3655 vultum,
544 3576 691 3659 gemitus,
715 3575 870 3640 occultum
893 3575 989 3639 etiam
1009 3595 1150 3640 murmur
1164 3598 1219 3642 ex·

180 3680 329 3763 ciperent,
362 3686 393 3744 et
415 3679 556 3763 potuisse
578 3700 673 3744 avum
696 3679 816 3760 audire,
839 3681 955 3763 legere,
989 3681 1022 3743 in
1054 3679 1219 3762 publicum

176 3803 320 3868 promere
343 3783 399 3847 vix
421 3783 511 3865 fides
535 3784 596 3848 nisi
620 3782 704 3866 quod
719 3784 797 3848 Attii
814 3785 1005 3850 centurionis
1029 3790 1061 3848 et
1080 3783 1218 3868 Didymi

166 3888 266 3955 iberti
289 3888 449 3977 epistulae
473 3909 640 3958 servorum
659 3887 793 3954 nomina¹
808 3887 1042 3970 praelerebant,
1075 3893 1110 3952 ut
1133 3889 1217 3970 quisi
