2760 4214
185 148 227 213 74
427 163 476 219 Ab
495 179 613 218 excessu
631 163 664 217 D.
677 163 805 233 Augusti
823 163 852 217 ll
871 166 982 220 60-64.

184 339 344 404 diversum
367 339 409 404 ad
432 359 520 404 mare
542 345 722 420 terramque
744 338 880 421 Libyam
902 336 1046 402 deiectus
1068 343 1127 404 est.
1151 337 1224 403 inde

185 443 363 526 proximum
394 442 498 508 amnis
529 462 564 508 os
595 440 735 506 dicatum
762 441 901 522 Herculi,
931 461 1025 523 quem
1054 441 1225 526 indigenae

185 554 287 613 ortum
314 546 401 632 apud
429 567 463 612 se
486 553 518 610 et
539 544 795 627 antiquissimum
818 544 988 629 perhibent
1011 564 1138 628 eosque,
1173 545 1224 628 qui

184 658 296 736 postea
314 650 384 736 pari
399 650 515 716 virtute
530 649 657 729 fuerint,
681 649 713 712 in
730 655 974 732 cognomentum
991 649 1059 715 eius
1073 648 1226 734 adscitos;

184 776 260 820 mox
283 755 358 821 visit
381 762 523 819 veterum
545 752 727 818 Thebarum
750 773 868 837 magna
890 752 1035 837 vestigia.
1068 761 1101 817 et
1123 773 1227 820 mane

185 861 263 924 bant
293 858 420 923 structis
450 857 584 922 molibus
613 856 736 921 litterae
763 857 955 942 Aegyptiae,
985 857 1122 942 priorem
1153 877 1226 942 opu-

184 961 316 1053 lentiam
339 961 538 1045 complexae3
570 960 737 1042 iussusque
770 981 788 1025 e
818 961 996 1027 senioribus
1026 959 1226 1026 sacerdotum

185 1066 321 1150 patrium
346 1085 521 1131 sermonem
541 1064 752 1148 interpretari,
776 1063 936 1129 referebat
951 1062 1116 1129 habitasse
1132 1084 1228 1146 quon·

185 1169 260 1234 dam
283 1169 485 1253 septingenta
500 1168 587 1232 milia
602 1173 708 1232 aetate
723 1167 861 1248 militari,
884 1174 981 1249 atque
997 1187 1036 1233 eo
1051 1187 1125 1233 cum
1140 1187 1229 1234 exer·

185 1273 249 1337 citu
272 1293 380 1356 regem
402 1270 564 1337 Rhamsen
580 1272 685 1354 Libya
700 1270 871 1355 Aethiopia
887 1270 1052 1353 Medisque
1075 1277 1107 1336 et
1122 1271 1228 1337 Persis

185 1383 217 1442 et
239 1376 406 1442 Bactriano
429 1396 467 1440 ao
489 1375 611 1458 Scytha
633 1375 767 1458 potitum
791 1395 934 1458 quasque
957 1381 1057 1441 terras
1081 1375 1153 1441 Suri
1174 1375 1230 1439 Ar-

184 1481 345 1563 meniique
368 1487 400 1544 et
422 1479 562 1563 contigui
579 1478 786 1563 Cappadoces
809 1480 926 1560 colunt,
949 1477 1025 1544 inde
1040 1478 1227 1562 Bithynum,

185 1585 260 1649 hinc
282 1584 416 1667 Lycium
447 1583 488 1647 ad
518 1603 606 1648 mare
636 1582 769 1666 imperio
798 1583 946 1648 tenuisse.
985 1582 1174 1665 legebantur
1197 1589 1231 1648 et

185 1688 305 1753 indicta
326 1688 475 1773 gentibus
498 1687 625 1767 tributa,
650 1686 774 1771 pondus
789 1687 913 1771 argenti
929 1693 961 1752 et
975 1686 1054 1767 auri,
1078 1705 1230 1752 numerus

185 1814 342 1858 armorum
367 1811 580 1874 equorumque
604 1797 636 1856 et
658 1790 743 1854 dona
765 1791 892 1875 templis
906 1792 984 1856 ebur
998 1796 1094 1872 atque
1114 1790 1229 1856 odores

186 1916 328 1978 quasque
351 1896 458 1980 copias
481 1894 632 1960 frumenti
656 1902 687 1960 et
710 1895 852 1960 omnium
874 1895 1058 1960 utensilium
1082 1914 1228 1977 quaeque

185 2004 272 2066 natio
301 1999 464 2084 penderet,
496 1998 582 2062 haud
612 1999 716 2063 minus
744 1998 923 2082 magnifica,
955 2018 1050 2080 quam
1080 2019 1165 2063 nunc
1195 1998 1228 2063 vi

185 2103 372 2169 Parthorum
394 2108 450 2167 aut
473 2102 615 2186 potentia
637 2104 782 2167 Romana
803 2103 960 2167 iubentur.

18 2201 152 2326 aseddus
273 2208 323 2271 61.
349 2207 496 2272 Ceterum
519 2206 727 2272 Germanicus
753 2207 825 2272 aliis
852 2227 977 2288 quoque
1000 2207 1161 2273 miraculis
1183 2207 1228 2271 in-

17 2301 161 2394 eaucmcd
185 2311 288 2377 tendit
309 2311 460 2391 animum,
485 2330 616 2392 quorum
639 2312 811 2395 praecipua
831 2310 920 2375 fuere
935 2311 1111 2376 Memnonis
1128 2331 1228 2376 saxea

21 2409 157 2462 accepere.
185 2414 319 2498 effigies,
342 2415 397 2479 ubi
419 2413 517 2478 radiis
540 2414 615 2479 solis
630 2415 694 2479 icta
710 2420 767 2495 est,
791 2414 933 2481 vocalem
950 2434 1062 2479 sonum
1077 2413 1226 2497 reddens,

185 2519 397 2601 disiectasque
424 2518 507 2582 inter
530 2524 561 2582 et
584 2518 639 2582 vix
662 2518 789 2601 pervias
812 2537 925 2582 arenas
947 2517 1049 2582 instar
1071 2519 1225 2582 montium

185 2623 319 2690 eductae
341 2622 526 2708 pyramides
549 2621 720 2686 certamine
744 2627 775 2686 et
797 2622 910 2705 opibus
930 2641 1051 2704 regum,
1074 2622 1228 2703 lacusque

186 2728 301 2792 effossa
323 2726 428 2810 humo,
453 2724 675 2809 superfluentis
698 2724 764 2788 Nili
787 2725 1002 2809 receptacula3
1030 2731 1126 2806 atque
1149 2724 1227 2790 alibi

186 2830 352 2915 angustiae
368 2836 400 2894 et
421 2827 580 2912 profunda
600 2827 742 2908 altitudo,
767 2828 861 2892 nullis
876 2828 1101 2910 inquirentium
1117 2828 1229 2912 spatiis

186 2932 401 3018 penetrabilis.
418 2932 494 2996 exin
505 2939 634 2996 ventum
646 2931 881 3014 Elephantinen
893 2953 931 2996 ac
940 2933 1079 3016 Syenen,
1093 2931 1231 2997 claustra

187 3036 260 3102 olim
276 3036 411 3100 Romani
426 3035 560 3120 imperii,
578 3034 662 3117 quod
678 3055 763 3099 nunc
778 3036 906 3100 rubrum
922 3035 964 3101 ad
980 3055 1067 3100 mare
1082 3036 1226 3120 patescit.

49 3140 133 3188 aruino
274 3139 325 3204 62.
349 3141 434 3204 Dum
458 3159 496 3204 ea
518 3146 623 3204 aestas
639 3140 827 3204 Germanico
850 3141 957 3224 plures
976 3161 1033 3224 per
1047 3138 1229 3224 provincias

14 3207 169 3331 {ww
187 3244 380 3328 transigitur,
410 3242 497 3308 haud
524 3244 594 3309 leve
622 3242 719 3309 decus
749 3245 871 3309 Drusus
899 3244 1057 3325 quaesivit
1083 3243 1229 3309 inliciens

75 3347 111 3392 tc
187 3348 363 3414 Germanos
395 3347 437 3411 ad
472 3347 645 3413 discordias
680 3353 777 3429 utque
810 3347 910 3412 fracto
941 3348 1005 3412 iam
1035 3342 1229 3413 Maroboduo

22 3417 154 3556 (ᾚὲἰῖ
187 3473 287 3534 usque
310 3451 343 3516 in
367 3452 500 3517 exitium
522 3451 730 3516 insisteretur.
762 3457 830 3517 erat
851 3451 934 3516 inter
949 3451 1089 3517 Gotones
1111 3451 1229 3517 nobilis

14 3573 170 3618 calcuulus
187 3556 312 3621 iuvenis
342 3555 471 3620 nomine
503 3554 666 3636 Catualda,
699 3554 852 3639 profugus
882 3555 957 3620 olim
984 3554 1017 3619 vi
1044 3554 1230 3620 Marobodui

27 3642 155 3695 '⁹²³¹‘¹‘³²¹¹'
188 3667 220 3725 et
242 3666 319 3724 tunc
341 3659 446 3724 dubiis
468 3659 563 3723 rebus
587 3658 654 3723 eius
669 3658 822 3724 ultionem
837 3678 942 3724 ausus.
966 3657 994 3723 is
1009 3658 1117 3724 valida
1132 3679 1230 3724 manu

187 3763 269 3829 fines
292 3765 563 3828 Marcomanorum
591 3762 767 3847 ingreditur
795 3763 1012 3847 corruptisque
1039 3762 1231 3846 primoribus

187 3867 229 3933 ad
253 3867 437 3933 societatem
460 3866 612 3950 inrumpit
633 3866 755 3951 regiam
776 3867 1003 3950 castellumque
1018 3866 1109 3930 iuxta
1124 3865 1229 3932 situm.
