2760 4214
462 179 487 218 a.
500 163 532 218 U.
546 179 568 217 e.
583 165 670 231 rous.
697 180 723 232 p.
737 163 798 218 Chr.
811 164 897 230 14l15.
1159 148 1199 213 31

253 338 304 403 56.
336 338 436 423 Igitur
466 336 673 403 Germanicus
703 343 849 420 quattuor
877 338 1028 423 legiones,
1063 339 1201 422 quinque
1234 336 1363 392 B‘tl'l‘wss

162 442 367 508 auxiliarium
390 442 477 507 milia
499 448 531 508 et
560 442 780 508 tumultuarias
808 450 951 508 catervas
974 442 1203 508 Germanorum
1240 414 1354 524 mmm,

164 548 213 613 eis
227 546 374 612 Rhenum
398 546 566 611 colentium
590 546 747 611 Caecinae
769 544 880 630 tradit;
904 544 1034 611 totidem
1050 547 1202 630 legiones,

166 651 327 736 duplicem
343 650 498 715 sociorum
513 669 678 714 numerum
693 649 761 733 ipse
778 649 873 731 ducit,
893 650 1059 733 positoque
1075 650 1203 715 castello

166 775 263 840 super
289 755 425 839 vestigia
451 755 575 838 paterni
603 753 753 838 praesidii
780 755 813 818 in
840 761 948 819 monte
969 755 1080 819 Tauno
1111 773 1204 838 expe-

165 859 269 924 ¹ditum
292 857 465 924 exercitum
488 858 521 923 in
545 857 676 923 Chattos
697 858 790 942 rapit,
823 859 859 922 L.
881 858 1020 942 Apronio
1042 857 1084 922 ad
1106 858 1205 922 muni-

166 964 270 1028 tiones
292 962 415 1027 viarum
437 968 469 1026 et
488 960 652 1026 fluminum
671 962 787 1026 relicto.
820 982 895 1026 nam
911 961 1029 1047 (rarum
1044 962 1089 1025 illi
1104 960 1205 1047 caelo)

169 1066 311 1132 siccitate
331 1072 363 1131 et
382 1066 529 1130 amnibus
545 1064 677 1130 modieis
691 1065 881 1130 inoffensum
897 1066 958 1130 iter
971 1071 1205 1151 properaverat,

166 1170 348 1252 imbresque
376 1175 408 1234 et
434 1168 599 1234 fluminum
625 1174 737 1233 auctus
759 1167 952 1251 regredienti
974 1170 1205 1234 metuebantur.

167 1274 226 1340 sed
242 1273 365 1340 Chattis
387 1272 468 1339 adeo
491 1273 669 1357 inprovisus
691 1272 831 1354 advenit,
854 1279 889 1337 ut
909 1272 993 1354 quod
1014 1272 1207 1338 imbecillum

166 1382 274 1442 aetate
297 1398 335 1442 ac
358 1397 438 1442 sexu
461 1377 568 1441 statim
591 1383 718 1460 captum
740 1382 794 1441 aut
813 1375 1003 1440 trucidatum
1023 1376 1071 1441 sit.
1100 1376 1207 1441 iuven-

168 1488 221 1547 tus
239 1481 357 1547 flumen
373 1479 536 1545 Adranam
556 1479 662 1545 nando
685 1480 872 1561 tramiserat,
895 1481 1118 1562 Romanosque
1133 1501 1207 1564 pon·

170 1593 235 1650 tem
256 1585 430 1669 coeptantis
450 1586 610 1651 arcebant.
641 1584 717 1648 dein
732 1584 895 1650 tormentis
912 1584 1099 1668 sagittisque
1113 1583 1206 1667 pulsi,

170 1689 332 1774 temptatis
362 1688 477 1754 frustra
507 1688 744 1754 condicionibus
772 1689 871 1772 pacis,
906 1708 977 1752 cum
1007 1687 1135 1771 quidam
1166 1685 1209 1751 ad

168 1793 395 1858 Germanicum
417 1792 641 1877 perfugissent,
672 1792 783 1874 reliqui
806 1792 931 1858 omissis
953 1791 1044 1876 pagis
1067 1792 1209 1873 vicisque

170 1896 206 1960 in
228 1896 325 1961 silvas
348 1895 580 1980 disperguntur.
627 1896 746 1961 Caesar
767 1896 896 1961 incenso
919 1895 1027 1960 Mattio
1051 1895 1209 1981 (id‘gcuti

170 1999 281 2086 caput)
315 2007 426 2084 aperta
455 2000 622 2084 populatus
651 2000 746 2064 vertit
775 1998 818 2063 ad
848 1999 1003 2080 Rhenum,
1038 2020 1101 2064 non
1131 2019 1208 2064 auso

172 2103 263 2170 hoste
282 2111 372 2189 terga
386 2105 570 2170 abeuntium
585 2105 752 2186 lacessere,
775 2103 860 2187 quod
874 2104 919 2168 illi
935 2104 1040 2185 morie,
1064 2103 1209 2186 quotiens

168 2214 244 2273 astu
271 2209 372 2292 magis
400 2229 495 2290 quam
517 2228 573 2292 per
595 2207 795 2274 formidinem
819 2209 922 2273 cessit.
960 2207 1064 2273 iuerat
1085 2208 1210 2272 animus

173 2311 341 2377 Cheruscis
364 2312 474 2377 iuvare
491 2313 631 2394 Chattos,
655 2312 712 2378 sed
736 2313 889 2377 exterruit
904 2313 1043 2379 Caecina
1057 2311 1120 2376 hue
1135 2312 1210 2376 illuc

172 2415 279 2480 ferens
301 2435 405 2500 arma;
434 2422 465 2481 et
487 2416 608 2482 Marsos
631 2416 781 2500 congredi
803 2436 897 2481 ausos
920 2435 1070 2500 prospero
1092 2414 1210 2499 proelio

169 2518 322 2584 cohibuit.

258 2625 310 2688 bl.
341 2625 453 2707 Neque
484 2625 581 2689 multo
611 2631 682 2709 post
715 2625 812 2709 legati
842 2645 862 2688 a
893 2625 1024 2709 Segeste
1055 2628 1210 2688 venerunt
1229 2620 1378 2743 „gelwe

170 2729 326 2793 auxilium
341 2735 467 2795 orantes
482 2729 635 2794 adversus
650 2730 716 2794 vim
730 2729 938 2813 popularium,
961 2748 981 2792 a
996 2728 1066 2810 quis
1082 2727 1210 2791 circum·
1288 2761 1331 2805 a„

170 2831 351 2915 sedebatur,
375 2833 528 2899 validiore
549 2833 635 2917 apud
659 2853 713 2898 eos
736 2832 888 2914 Arminio,
919 2833 1069 2915 quoniam
1091 2832 1209 2896 bellum
1246 2831 1369 2943 neronop-

171 2935 341 3002 suadebat:
373 2957 447 3001 nam
470 2937 623 3018 barbaris,
647 2943 764 3019 quanto
788 2937 858 3019 quis
880 2935 1014 3000 audacia
1036 2942 1208 3020 promptus,
1240 2900 1376 3021 Qud:

170 3046 261 3105 tanto
290 3041 393 3125 magis
423 3040 505 3106 fidus
535 3041 692 3123 rebusque
719 3041 812 3106 motis
838 3041 940 3125 potior
969 3040 1112 3104 habetur.
1158 3038 1210 3103 ad·

171 3143 298 3208 diderat
313 3144 460 3229 Segestes
482 3145 595 3229 legatis
611 3145 720 3226 filium,
743 3145 870 3210 nomine
886 3142 1129 3228 Segimundum:
1154 3141 1211 3208 sed

173 3247 299 3313 iuvenis
326 3248 522 3314 conscientia
553 3250 765 3313 cunctabatur.
805 3249 922 3332 quippe
945 3267 1028 3311 anno
1051 3267 1113 3329 quo
1138 3247 1212 3311 Ger·
1242 3246 1245 3255 ’

173 3353 300 3417 maniae
330 3353 492 3418 descivere
519 3353 667 3418 sacerdos
693 3352 779 3437 apud
801 3372 889 3416 aram
912 3352 1063 3417 Ubiorum
1087 3356 1212 3415 creatus

175 3464 302 3542 ruperat
323 3458 430 3541 vittas,
453 3457 606 3542 profugus
629 3457 670 3521 ad
692 3457 835 3523 rebelles.
870 3455 1026 3521 adductus
1049 3455 1212 3520 tamenin

174 3582 265 3646 spem
288 3562 474 3627 clementiae
489 3563 652 3626 Romanae
674 3561 802 3647 pertulit
825 3560 924 3645 patris
951 3558 1102 3623 mandata
1127 3559 1213 3623 beni·

176 3686 302 3750 gnequc
326 3672 478 3750 exceptus
501 3687 573 3731 curn
588 3665 746 3749 praesidio
762 3664 916 3730 Gallicam
932 3664 965 3727 in
981 3662 1081 3746 ripam
1098 3663 1212 3728 missus

175 3776 234 3836 cst.
274 3771 460 3836 Germanico
484 3771 620 3855 pretium
648 3769 707 3834 fuit
730 3775 912 3834 convertere
936 3787 1061 3850 agmen,
1092 3787 1213 3851 pugna-

179 3879 308 3957 tumque
331 3875 364 3940 in
387 3874 572 3956 obsidentis,
604 3879 635 3938 et
665 3879 792 3960 ereptus
815 3874 968 3959 Segestes
994 3890 1124 3954 magua
1151 3889 1232 3933 curn
