2760 4214
453 218 477 256 a.
492 201 524 256 U.
537 217 560 255 c.
574 205 632 258 779.
659 218 686 270 p.
699 201 761 256 Chr.
775 204 816 256 26.
1089 185 1150 250 153

109 396 215 458 neque
245 376 378 440 m'ultum
409 375 561 441 distantia
591 375 674 440 inter
702 395 736 440 se
759 367 977 440 memorabant
1000 375 1040 440 de
1063 383 1150 442 vetu-

107 486 192 545 state
221 480 358 563 generis,
389 478 497 545 studio
528 480 561 544 in
591 480 741 564 populum
772 479 950 545 Romanum
980 500 1036 564 per
1066 480 1150 545 bella

110 584 199 648 Persi
222 590 254 648 et
274 582 446 648 Aristonici
468 584 665 666 aliorumque
686 604 805 667 regum.
830 604 941 648 verum
957 585 1150 668 Hypaepeni

108 688 323 770 Trallianique
345 687 536 753 Laodicenis
559 709 597 753 ae
620 689 822 772 Magnetibus
845 689 938 753 simul
961 688 1100 754 tramissi
1116 695 1150 752 ut

108 813 219 876 parum
242 793 354 876 validi,
388 813 428 857 ne
451 793 585 858 Ilienses
609 792 747 879 quidem,
779 814 850 858 eum
873 800 1039 877 parentem
1061 793 1149 858 urbis

109 897 229 962 Romae
252 897 379 961 Troiam
406 897 569 978 referrent,
602 898 663 962 nisi
693 898 893 980 antiquitatis
922 899 1024 982 gloria
1054 898 1149 982 polle·

108 999 195 1064 bant.
242 1001 370 1084 paulum
399 1000 631 1082 addubitatum,
664 1000 747 1083 quod
770 1002 981 1067 Halicarnasii
1010 1002 1096 1066 mille
1119 1008 1150 1065 et

109 1103 262 1168 ducentos
284 1125 341 1188 per
363 1125 463 1169 annos
494 1106 578 1169 nullo
609 1112 696 1169 motu
728 1112 831 1170 terrae
862 1107 1024 1170 nutavisse
1058 1104 1150 1170 sedes

108 1227 183 1273 suas
205 1209 342 1290 vivoque
365 1209 398 1273 in
421 1229 500 1274 saxo
521 1209 729 1274 fundamenta
745 1210 855 1293 templi
870 1209 1148 1275 adseveraverant.

110 1311 323 1396 Pergamenos
354 1313 405 1399 (eo
428 1314 498 1396 ipso
521 1313 718 1399 nitebantur)
750 1313 830 1378 aede
853 1314 997 1397 Augusto
1022 1314 1067 1378 ibi
1090 1313 1150 1377 sita

109 1415 187 1480 satis
209 1416 342 1501 adeptos
366 1417 528 1482 creditum.
563 1417 695 1502 Ephesii
717 1418 904 1499 Milesiique,
927 1416 961 1481 hi
983 1417 1148 1500 Apollinis,

109 1519 154 1584 illi
176 1520 301 1585 Dianae
324 1522 515 1586 caerimonia
538 1521 743 1605 occupavisse
764 1522 910 1586 civitates
926 1521 995 1586 visi.
1020 1521 1065 1584 ita
1080 1520 1150 1585 Sar-

108 1622 222 1689 dianos
244 1625 326 1689 inter
348 1627 607 1708 Zmyrnaeosque
630 1626 850 1690 deliberatum.
875 1625 1022 1691 Sardiani
1046 1624 1150 1689 deere-

110 1733 176 1792 tum
191 1729 336 1794 Etruriae
353 1730 527 1794 recitavere
542 1737 577 1794 ut
598 1731 836 1814 consanguinei:
861 1750 935 1794 nam
950 1729 1150 1813 Tyrrhenum

110 1832 300 1915 Lydumque
322 1835 408 1916 Atye
435 1854 511 1918 rege
533 1835 658 1918 genitos
681 1836 721 1899 ob
744 1833 979 1899 multitudinem
1003 1833 1150 1898 divisisse

109 1942 252 2021 gentem,
275 1937 401 2021 Lydum
424 1939 534 2022 patriis
557 1939 591 2003 in
613 1939 704 2004 terris
720 1938 886 2019 resedisse,
909 1938 1075 2022 Tyrrheno
1099 1938 1150 2002 da-

110 2045 176 2104 tum
196 2062 296 2106 novas
316 2048 350 2105 ut
373 2042 522 2107 conderet
545 2041 651 2126 sedes,
676 2049 708 2106 et
730 2043 846 2107 ducum
869 2063 887 2107 e
910 2043 1091 2108 nominibus
1106 2042 1150 2105 in-

112 2142 179 2208 dita
201 2146 356 2210 vocabula
379 2147 440 2211 illis
463 2166 520 2230 per
541 2147 662 2227 Asiam,
694 2145 744 2211 his
767 2147 800 2211 in
822 2147 929 2230 Italia;
961 2153 1151 2229 auctamque

107 2246 214 2325 adhuc
235 2248 399 2331 Lydorum
422 2252 616 2334 opulentiam
639 2252 745 2317 missis
768 2240 800 2315 in
824 2251 991 2317 Graeciam
1015 2252 1149 2335 populis,

110 2352 161 2416 eui
191 2373 266 2416 mox
295 2374 315 2416 a
344 2354 461 2438 Pelope
491 2375 617 2420 nomen.
657 2355 750 2420 simul
777 2356 898 2421 litteras
926 2355 1151 2438 imperatorum

110 2461 142 2520 et
163 2456 227 2521 ieta
249 2459 413 2525 nobiseum
437 2458 566 2524 foedera
585 2460 668 2525 bello
685 2459 893 2525 Macedonum
910 2460 1150 2540 ubertatemque

109 2559 274 2625 fluminum
297 2582 435 2644 suorum,
458 2565 644 2647 temperiem
667 2565 746 2628 caeli
766 2584 805 2628 ae
821 2563 902 2628 dites
918 2564 1035 2627 circum
1051 2569 1150 2626 terras

90 2728 94 2740 ,
111 2666 337 2731 memorabant.

196 2769 247 2832 56.
280 2770 322 2833 At
348 2771 520 2854 Zmyrnaei
551 2772 687 2854 repetita
717 2776 885 2851 vetustate,
918 2790 974 2835 seu
996 2770 1150 2834 Tantalus

1200 2758 1298 2810 eruntne
1328 2779 1330 2784 ·

1213 2824 1282 2878 abitt

109 2871 186 2936 Iove
209 2879 295 2938 ortus
318 2873 396 2956 illos,
421 2873 489 2939 sive
504 2874 648 2940 Theseus
671 2874 782 2939 divina
805 2874 926 2958 etipse
950 2873 1057 2958 stirpe,
1081 2874 1150 2939 sive
1174 2895 1316 2950 rasuras.

109 2994 174 3038 una
195 2977 391 3043 Amazonum
423 2977 626 3060 condidisset,
664 2979 888 3045 transcendere
921 2978 963 3042 ad
997 2998 1044 3059 ea,
1080 2978 1150 3060 quis

110 3081 249 3146 maxime
271 3080 423 3163 fidebant,
454 3082 488 3146 in
519 3083 670 3167 populum
692 3085 870 3147 Romanum
901 3082 1023 3163 officiis,
1053 3082 1151 3147 missa

109 3185 217 3248 navali
244 3186 336 3269 copia
363 3207 428 3251 non
455 3186 549 3252 modo
573 3193 707 3251 externa
730 3186 771 3252 ad
793 3187 887 3267 bella,
918 3186 975 3253 sed
1006 3207 1086 3268 quae
1117 3188 1149 3251 in

110 3287 203 3353 Italia
225 3290 454 3375 tolerabantur;
484 3311 580 3372 seque
603 3291 721 3375 primos
744 3292 896 3375 templum
920 3292 1007 3356 urbis
1030 3293 1150 3356 Romae

24 3412 33 3426 ⁸
111 3392 271 3474 statuisse,
294 3394 335 3458 M.
359 3395 470 3459 Porcio
493 3395 631 3476 consule,
655 3394 782 3479 magnis
804 3394 933 3476 quidem
956 3394 1020 3458 iam
1043 3394 1149 3478 populi

109 3497 245 3562 Romani
267 3500 371 3579 rebus,
395 3499 536 3563 nondum
559 3505 667 3564 tamen
690 3499 732 3563 ad
748 3519 904 3564 summum
921 3497 1021 3579 elatis,
1046 3504 1150 3563 stante

109 3599 214 3665 adhuc
237 3602 357 3666 Punica
379 3603 457 3667 urbe
480 3608 512 3667 et
535 3602 648 3668 validis
672 3623 729 3687 per
750 3603 861 3668 Asiam
884 3601 1021 3684 regibus.
1057 3601 1149 3666 simul
1232 3595 1235 3600 ’

110 3706 146 3769 L.
171 3706 291 3771 Sullam
314 3713 428 3773 testem
455 3707 654 3791 adferebant,
684 3708 874 3792 gravissimo
905 3706 939 3771 in
969 3706 1150 3771 discrimine

111 3810 269 3876 exereitus
291 3811 333 3876 ob
354 3812 559 3895 asperitatem
582 3810 696 3876 hiemis
720 3817 752 3876 et
766 3811 932 3896 penuriam
947 3810 1055 3891 vestis,
1079 3830 1149 3875 cum

110 3912 144 3976 id
166 3915 340 3997 Zmyrnam
367 3915 401 3979 in
429 3915 609 3983 contionem
635 3915 823 3983 nuntiatum
845 3913 948 3996 ieret,
974 3931 1094 3978 omues
1113 3911 1177 3988 dxix
