2760 4214
507 229 531 266 a.
544 213 577 269 U.
590 228 613 268 c.
627 216 685 270 785.
713 231 739 282 p.
752 212 815 268 Chr.
828 216 870 269 32.
1140 199 1201 262 171

163 386 264 450 cultas
297 384 382 466 data‘,
416 385 558 470 arguitur
589 388 740 470 pleraque
773 388 806 452 in
841 389 875 454 G.
908 389 1078 454 Caesarem
1111 389 1202 471 quasi

162 489 301 554 incertae
334 489 502 573 virilitatis,
537 496 569 554 et
603 510 674 555 cum
708 491 761 556 die
791 492 888 556 natali
923 492 1088 576 Augustae
1121 494 1203 557 inter

164 591 344 658 sacerdotes
369 594 559 677 epularetur,
589 593 813 660 novendialem
836 615 907 660 earn
932 616 1044 661 cenam
1066 594 1202 681 dixisse3

164 715 362 779 querensque
384 695 424 762 de
447 698 588 781 potentia
610 698 662 762 Μ’.
685 698 800 782 Lepidi
827 719 865 763 ac
887 700 922 764 L.
947 699 1099 781 Arruntii,
1132 719 1203 764 eum

163 800 277 882 quibus
300 801 340 865 ob
363 820 430 866 rem
452 802 667 885 pecuniariam
690 801 899 887 disceptabat,
922 802 1099 870 addidisse:
1123 796 1203 869 ‘illos

163 903 292 986 quidem
325 909 464 986 senatus,
499 925 550 969 me
579 911 685 970 autern
719 907 859 973 tuebitur
886 907 1064 973 Tiberiolus
1092 903 1203 972 meus‘

164 1027 245 1090 quae
268 1014 424 1072 cunctae
450 1008 639 1092 primoribus
669 1009 807 1075 civitatis
837 1011 1069 1092 revincebatur,
1102 1012 1204 1093 iisque

163 1112 355 1177 instantibus
381 1112 423 1176 ad
450 1113 671 1196 imperatorem
694 1115 888 1197 provocavit.
920 1134 979 1180 neo
1008 1116 1106 1180 multo
1133 1121 1205 1199 post

164 1216 286 1281 litterae
301 1215 496 1297 adferuntur,
520 1217 633 1299 quibus
648 1218 682 1281 in
697 1217 826 1282 modum
842 1218 1047 1300 defensionis,
1069 1220 1204 1302 repetito

163 1320 246 1385 inter
283 1339 317 1386 se
354 1327 450 1402 atque
480 1320 606 1386 Cottam
643 1322 802 1386 amicitiae
837 1323 993 1406 principio
1024 1322 1205 1407 crebrisque

164 1424 232 1488 eius
254 1423 367 1489 officiis
390 1424 653 1505 commemoratis,
687 1445 729 1489 ne
751 1426 851 1490 verba
872 1446 972 1510 prave
995 1425 1120 1491 detorta
1142 1445 1204 1490 neu

165 1527 377 1592 convivalium
407 1527 586 1592 fabularum
616 1528 802 1612 simplicitas
832 1529 865 1592 in
893 1529 1010 1594 crimen
1038 1529 1206 1594 duceretur

165 1631 345 1715 postulavit.

252 1736 280 1799 6.
305 1735 436 1819 Insigne
459 1735 562 1801 visum
585 1742 633 1800 est
656 1755 764 1801 earum
784 1736 930 1802 Caesaris
952 1738 1126 1802 litterarum
1149 1738 1217 1802 ini--
1245 1735 1357 1789 &imm

166 1838 257 1924 tium,
280 1859 356 1903 nam
379 1839 430 1904 his
455 1840 559 1905 verbis
583 1859 714 1904 exorsus
738 1847 798 1905 est:
834 1833 921 1923 ‘quid
943 1842 1081 1906 scribam
1103 1842 1204 1924 vobis,
1224 1803 1379 1925 baetim

164 1949 271 2028 patres
296 1943 475 2027 conscripti,
499 1950 554 2007 aut
573 1963 635 2025 quo
652 1942 745 2009 modo
762 1945 898 2008 scribam
914 1953 969 2009 aut
985 1944 1062 2028 quid
1077 1946 1205 2011 omnino
1255 1942 1348 1994 uetare.

164 2066 228 2110 non
252 2047 387 2111 scribam
409 2046 470 2110 hoo
492 2052 643 2130 tempore,
667 2045 701 2110 di
723 2067 775 2111 me
795 2046 937 2130 deaeque
954 2049 1045 2132 peius
1060 2049 1205 2134 perdant,

166 2171 261 2233 quarn
283 2151 386 2234 perire
409 2170 460 2214 mc
483 2150 598 2216 cotidie
621 2151 734 2233 sentio,
766 2153 793 2216 si
821 2147 908 2217 scio'
953 2153 1033 2219 adeo
1064 2153 1207 2220 facinora

165 2260 261 2337 atque
282 2254 404 2338 flagitia
426 2274 484 2319 sua
505 2255 568 2339 ipsi
595 2275 721 2338 quoque
750 2255 784 2319 in
816 2257 1005 2341 supplicium
1035 2264 1205 2323 verterant.

166 2378 268 2441 neque
291 2357 407 2423 frustra
429 2359 719 2443 praestantissimus
742 2360 919 2444 sapientiae
942 2360 1068 2426 firmare
1096 2363 1206 2428 solitus

166 2469 223 2544 est,
247 2464 274 2528 si
292 2462 495 2528 recludantur
510 2470 716 2546 tyrannorum
731 2471 865 2544 mentes,
888 2484 982 2547 posse
996 2466 1095 2549 aspici
1111 2466 1207 2530 lania-

165 2573 216 2631 tus
239 2573 272 2632 et
292 2567 383 2648 ictus,
408 2567 535 2649 quando
558 2574 592 2631 ut
616 2587 746 2650 corpora
768 2568 963 2648 verberibus,
993 2568 1038 2632 ita
1061 2568 1206 2650 saevitia,

165 2669 307 2751 libidine,
340 2671 431 2735 malis
454 2671 605 2736 consultis
627 2671 753 2735 animus
776 2670 972 2736 dilaceretur.
1014 2672 1132 2756 quippe
1157 2674 1207 2736 Ti-

165 2773 287 2838 berium
316 2794 381 2839 non
411 2773 547 2855 fortuna,
577 2794 641 2839 non
672 2773 858 2839 solitudines
880 2776 1099 2860 protegebant,
1131 2775 1207 2858 quin

166 2883 323 2941 tormenta
344 2876 481 2960 pectoris
504 2897 640 2959 suasque
663 2877 732 2962 ipse
754 2897 875 2962 poenas
896 2878 1057 2944 fateretur.

253 2981 282 3045 7.
313 2981 395 3046 Turn
424 2980 511 3046 facta
548 2982 691 3065 patribus
720 2988 878 3066 potestate
908 2983 1067 3048 statuendi
1099 2983 1139 3048 de
1171 2984 1204 3050 O.
1263 2976 1328 3091 “2²1³

167 3084 347 3150 Caeciliano
392 3093 548 3166 senatore,
594 3085 647 3168 qui
691 3087 827 3170 plurima
871 3086 1040 3153 adversum
1079 3088 1205 3154 Cottam
1247 3056 1358 3161 “sum

166 3194 371 3272 prompserat,
409 3189 562 3273 placitum
595 3189 730 3254 eandem
763 3210 899 3275 poenam
936 3191 1075 3275 inrogari
1109 3211 1204 3273 quam
1227 3185 1376 3300 “gtfflwgb

165 3292 198 3356 in
233 3292 400 3358 Aruseium
434 3300 466 3358 et
500 3293 718 3376 Sanquinium,
752 3299 952 3359 accusatores
982 3295 1017 3359 L.
1048 3294 1203 3358 Arruntii:
1245 3261 1362 3376 effi&

166 3415 228 3478 quo
261 3417 325 3462 non
359 3396 446 3461 aliud
479 3397 737 3463 honorificentius
768 3398 879 3463 Cottae
909 3399 1026 3478 evenit,
1066 3398 1118 3480 qui
1153 3418 1205 3463 no
1272 3402 1294 3438 ²¹·
1310 3404 1330 3437 ⁰·

166 3500 238 3564 bilis
275 3499 413 3582 quidem,
452 3508 501 3566 set
538 3520 636 3584 egens
674 3502 714 3567 ob
752 3503 874 3583 luxum,
911 3520 968 3586 per
1005 3500 1128 3584 flagitia
1161 3501 1205 3564 in·

165 3603 269 3684 samis,
304 3604 513 3669 sanctissimis
545 3604 687 3669 Arruntii
724 3605 846 3670 artibus
880 3603 1040 3688 dignitate
1078 3604 1205 3669 ultionis

165 3708 371 3790 aequabatur.

253 3811 290 3888 Q.
315 3813 473 3879 Servaeus
498 3813 632 3898 posthac
659 3820 691 3878 et
712 3813 868 3879 Minucius
889 3813 1046 3878 Thermus
1073 3811 1204 3892 inducti,

166 3915 323 3982 Servaeus
339 3925 494 4002 praetura
516 3917 643 3986 functus
663 3925 696 3985 et
715 3916 882 4004 quondam
893 3913 1088 3986 Germanici
1099 3933 1231 3989 eomes,
