2760 4214
439 202 464 240 a.
478 187 510 242 U.
524 202 547 240 c.
561 190 620 242 777.
645 203 672 255 p.
686 185 749 242 Chr.
761 189 803 242 24.
1084 171 1143 235 137

104 359 264 441 Romanis,
289 359 410 426 ruendo
432 361 465 425 in
488 361 553 426 tela
576 361 793 445 captivitatem
816 359 903 424 haud
924 360 1024 425 inulta
1046 367 1146 427 morte

109 463 231 547 effugit.
268 463 360 546 isque
382 463 455 528 finis
478 465 574 529 armis
596 463 761 547 inpositus.

192 566 243 632 26.
268 567 454 632 Dolabellae
477 567 598 651 petenti
624 567 736 631 abnuit
766 567 970 651 triumphalia
991 566 1147 647 Tiberius,
1215 566 1269 611 Μ

106 669 223 735 Seiano
239 670 391 752 tribuens,
415 690 456 736 ne
471 670 578 735 Blaesi
593 670 743 734 avunculi
759 670 827 736 eius
842 671 912 736 laus
927 670 1147 735 obsolesceret.
1177 636 1308 750 332³?ss

105 772 163 838 sed
185 793 289 856 neque
302 775 436 839 Blaesus
456 759 528 840 ideo
551 774 719 854 inlustrior,
745 781 776 839 et
798 773 872 839 huic
894 780 1029 858 negatus
1049 772 1149 840 honor
1185 774 1303 827 &balb

104 875 239 960 gloriam
261 877 412 942 intendit:
447 878 565 963 quippe
587 878 708 943 minore
732 878 873 943 exercitu
896 877 1030 961 insignis
1053 876 1148 961 capti·
1189 843 1296 966 iiiia?

107 999 173 1060 vos,
205 980 336 1046 caedem
365 980 455 1046 ducis
485 981 626 1063 bellique
654 981 791 1047 confecti
814 981 932 1046 samam
956 981 1147 1065 deportarat.
1178 1000 1308 1054 acaunus

107 1084 321 1165 sequebantur·
351 1092 383 1149 et
406 1086 633 1150 Garamantum
663 1085 772 1169 legati,
802 1105 873 1149 raro
903 1085 936 1149 in
968 1085 1046 1150 urbe
1077 1085 1148 1166 visi,
1176 1070 1306 1192 maffia&

108 1207 187 1268 quos
213 1188 414 1254 Tacfarinate
445 1209 538 1253 caeso
568 1190 714 1273 perculsa
744 1209 825 1273 gens
847 1194 882 1252 ut
905 1189 1017 1273 culpae
1039 1189 1149 1254 nescia
1308 1169 1315 1184 ⁶

108 1289 151 1354 ad
182 1292 259 1357 satis
288 1291 473 1356 faciendum
502 1292 618 1377 populo
650 1294 793 1358 Romano
823 1289 961 1357 miserat.
1014 1293 1149 1376 cognitis

107 1392 223 1459 dehinc
245 1396 418 1461 Ptolemaei
445 1395 557 1481 perid
580 1396 699 1461 bellum
723 1395 836 1461 studiis
858 1396 1011 1480 repetitus
1034 1415 1075 1459 ex
1099 1416 1149 1460 ve-

106 1502 190 1563 tusto
210 1519 297 1564 more
312 1499 421 1581 honoS,
445 1499 624 1581 missusque
640 1520 657 1564 e
673 1500 881 1580 senatoribus,
905 1499 959 1582 qui
975 1499 1149 1582 scipionem

105 1601 271 1684 eburnum,
298 1612 406 1688 togam
427 1605 555 1690 pictam,
584 1606 716 1686 antiqua
739 1610 863 1690 patrum
886 1623 1028 1685 munera,
1059 1603 1150 1669 daret

108 1725 279 1790 regemque
302 1713 333 1773 ct
356 1708 475 1773 socium
497 1716 594 1792 atque
617 1709 754 1774 amicum
777 1707 961 1792 appellaret.

193 1810 245 1875 27.
268 1811 390 1877 Eadem
420 1819 542 1879 aestate
572 1820 659 1879 mota
687 1833 744 1898 per
766 1812 892 1877 ltaliam
923 1811 1047 1876 servilis
1075 1811 1150 1876 belli
1169 1812 1211 1856 71¹¹
1220 1812 1322 1858 dmm*

109 1914 232 1979 semina
252 1914 317 1980 fors
339 1919 505 2000 oppressit.
526 1925 637 1983 auctor
652 1917 803 1981 tumultus
818 1917 854 1980 Τ.
873 1915 1037 1996 Curtisius,
1054 1935 1150 1996 quon·
1196 1881 1296 1995 {iginii

108 2014 181 2081 dam
197 2019 375 2103 praetoriae
391 2020 528 2086 cohortis
543 2022 644 2102 miles,
668 2021 770 2104 primo
786 2019 928 2084 coetibus
944 2018 1150 2084 clandestinis
1190 2019 1301 2071 unrocum

107 2121 193 2205 apud
226 2123 429 2189 Brundisium
465 2131 497 2190 et
531 2126 733 2190 circumiecta
767 2122 895 2208 oppida,
929 2143 1005 2188 mox
1038 2122 1151 2206 positis
1204 2087 1283 2140 ‘mm‘

107 2226 271 2310 propalam
293 2227 408 2293 libellis
430 2228 473 2293 ad
494 2229 673 2294 libertatem
697 2228 833 2294 vocabat
855 2227 995 2309 agrestia
1016 2247 1073 2311 per
1087 2227 1152 2291 lon·

108 2329 243 2414 ginquos
259 2331 357 2397 saltus
373 2339 404 2397 ct
418 2332 537 2398 ferocia
552 2332 691 2414 servitia,
716 2352 788 2396 cum
803 2332 891 2396 velut
909 2350 1041 2395 munere
1057 2330 1150 2395 deum

109 2439 173 2498 tres
204 2435 340 2501 biremes
370 2436 521 2520 adpulere
552 2437 594 2501 ad
619 2456 696 2502 usus
719 2434 963 2500 commeantium
986 2434 1039 2498 illo
1061 2435 1150 2498 mari.

110 2544 142 2602 et
164 2545 231 2602 erat
253 2537 355 2604 isdem
377 2540 559 2624 regionibus
580 2541 690 2606 Cutius
705 2541 815 2622 Lupus
837 2544 995 2620 quaestor,
1019 2537 1069 2601 cui
1085 2558 1153 2620 pro·

111 2640 216 2706 vincia
249 2648 357 2707 vetere
391 2664 433 2709 ex
466 2663 554 2710 more
588 2644 683 2708 calles
714 2646 895 2707 evenerant.
941 2641 968 2704 is
998 2640 1152 2724 disposita

111 2744 342 2811 classiariorum
372 2748 464 2833 copia
496 2753 697 2831 coeptantem
732 2766 803 2812 cum
838 2745 979 2810 maxime
1013 2745 1152 2811 coniura-

110 2849 228 2914 tionem
251 2850 383 2916 disiecit.
415 2852 593 2934 missusque
615 2873 636 2917 a
656 2852 793 2918 Caesare
819 2870 952 2935 propere
973 2849 1079 2916 Staius
1101 2850 1152 2914 tri-

111 2952 214 3018 bunus
237 2973 309 3018 oum
331 2955 440 3020 valida
461 2976 557 3020 manu
580 2955 694 3021 ducem
714 2956 819 3039 ipsum
834 2961 866 3019 et
881 2954 1042 3040 proximos
1057 2953 1152 3030 auda·

112 3057 162 3120 cia
184 3058 217 3122 in
240 3059 350 3124 urbem
373 3060 481 3141 traxit,
504 3061 567 3124 iam
583 3059 741 3144 trepidam
757 3060 796 3124 ob
813 3058 1046 3124 multitudinem
1063 3058 1152 3122 sami-

111 3159 234 3243 liarum,
263 3182 344 3244 quae
365 3164 521 3246 gliscebat
543 3164 733 3245 inmensum,
764 3163 886 3227 minore
908 3163 941 3227 in
966 3163 1034 3227 dics
1057 3162 1151 3247 plebe

114 3263 262 3348 ingenua.

199 3368 251 3434 28.
274 3369 382 3436 Isdem
405 3371 587 3436 consulibus
606 3371 803 3436 miseriarum
823 3390 861 3434 ac
877 3369 1030 3435 saevitiae
1047 3389 1152 3434 exem·
1201 3364 1298 3478 {m

112 3473 199 3556 plum
221 3481 323 3556 atron,
354 3495 427 3541 reus
452 3481 552 3559 pater,
583 3481 747 3540 accusator·
769 3474 852 3539 iilius
875 3473 1006 3559 (nomen
1028 3471 1152 3554 utrique
1221 3503 1278 3554 unu

114 3579 226 3644 Vibius
248 3579 400 3664 Serenus)
432 3579 465 3643 in
496 3585 642 3644 senatum
664 3578 785 3643 inducti
808 3584 891 3642 sunt.
922 3578 964 3642 ab
989 3575 1085 3641 exilio
1107 3595 1153 3640 re·
1171 3571 1327 3685 '‘luzum“

114 3689 232 3749 tractus
261 3683 444 3767 inluvieque
474 3703 512 3748 ac
542 3684 687 3766 squalore
720 3683 842 3748 obsitus
876 3689 908 3747 et
938 3687 1005 3745 tum
1040 3687 1154 3745 catena

114 3788 240 3853 vinctus
261 3794 352 3872 pater
375 3787 477 3852 oranti
499 3786 563 3852 tilio
587 3793 795 3872 comparatur.
835 3784 1023 3850 adulescens
1046 3783 1153 3847 multis

114 3890 288 3972 munditiis,
304 3892 402 3956 alacri
417 3892 516 3974 vultu,
532 3897 669 3957 structas
684 3889 826 3978 principi
836 3886 1173 3970 insinuamus
