2760 4214
157 141 218 205 168
320 157 369 211 Ab
389 173 505 213 excessu
522 159 556 213 D.
569 159 695 229 Augusti
713 161 739 216 V
754 165 872 228 10—11;
892 162 933 216 VI
948 165 1023 219 1-3.

155 333 228 398 dam
253 334 398 399 Caesaris
419 335 541 400 libertis
563 337 649 402 velut
671 336 813 420 agnitum
836 357 893 420 per
916 335 1085 418 dolumque
1101 338 1196 403 comi·

155 437 297 503 tantibus
326 439 547 504 alliciebantur
576 440 681 523 ignari
710 441 798 505 sama
827 441 964 505 nominis
987 447 1018 504 ct
1041 441 1196 526 promptis

155 540 345 606 Graecorum
376 542 491 608 animis
521 542 563 608 ad
597 565 681 609 nova
711 551 743 608 ct
776 545 865 625 mira,
901 545 1018 628 quippe
1051 545 1196 628 elapsum

155 645 317 710 custodiae
340 667 472 730 pergere
495 647 538 711 ad
560 655 710 731 paternos
734 649 901 728 exercitus,
932 649 1115 732 Aegyptum
1138 655 1197 713 aut

154 748 278 814 Suriam
309 748 503 831 invasurum,
534 750 699 834 fingebant
721 752 815 816 simul
841 750 1084 834 credebantque.
1130 751 1196 816 iam

154 853 327 918 iuventutis
350 872 513 936 concursu,
544 855 606 918 iam
630 855 765 939 publicis
788 855 900 920 studiis
922 855 1196 937 frequentabatur,
1291 886 1294 892 ·

154 957 257 1021 laetus
290 958 511 1041 praesentibus
541 965 573 1022 et
602 959 691 1023 inani
720 959 754 1022 in
785 979 851 1043 spe,
887 979 958 1023 cum
988 959 1131 1024 auditum
1161 959 1197 1023 id

154 1062 303 1145 Poppaeo
334 1062 461 1126 Sabino.
507 1062 534 1127 is
557 1062 762 1127 Macedoniae
786 1070 852 1127 tum
875 1063 1017 1128 intentus
1039 1063 1196 1127 Achaiam

156 1185 280 1247 quoque
303 1167 443 1231 curabat.
468 1167 563 1250 igitur
587 1187 649 1249 quo
672 1187 749 1231 vera
771 1187 827 1231 scu
850 1166 932 1233 falsa
954 1168 1078 1248 antiret,
1102 1168 1198 1232 Toro-

155 1288 270 1337 naeum
282 1269 556 1353 Thermaeumque
568 1271 671 1335 sinum
684 1270 927 1355 praefestinans,
944 1291 1018 1336 mox
1030 1271 1197 1336 Euboeam

154 1372 276 1457 Aegaei
309 1375 405 1439 maris
439 1375 575 1439 insulam
606 1382 637 1439 et
667 1376 814 1439 Piraeum
843 1376 968 1441 Atticae
1002 1396 1085 1456 orae,
1120 1374 1197 1439 dein

155 1476 376 1543 Corinthiense
407 1478 481 1543 litus
510 1479 739 1562 angustiasque
762 1478 875 1544 Isthmi
899 1478 1019 1563 evadit;
1050 1479 1196 1561 marique

154 1581 244 1646 Ionio
259 1581 437 1666 Nicopolim
448 1584 626 1648 Romanam
643 1583 796 1648 coloniam
812 1583 983 1666 ingressus,
1006 1582 1052 1646 ibi
1068 1581 1198 1646 demum

155 1687 317 1769 cognoscit
340 1687 494 1751 sollertius
517 1688 755 1770 interrogatum,
779 1686 1039 1770 quisnamforet,
1075 1685 1197 1752 dixisse

154 1789 195 1853 M.
209 1789 316 1854 Silano
342 1791 494 1873 genitum,
527 1797 558 1856 et
584 1791 689 1855 multis
717 1797 905 1856 sectatorum
932 1790 1063 1874 dilapsis
1088 1810 1198 1855 ascen-

155 1892 239 1958 disse
262 1913 377 1958 navem
404 1900 567 1976 tamquam
593 1896 718 1958 ltaliam
744 1900 874 1978 peteret.
906 1894 1093 1978 scripsitque
1116 1893 1198 1962 haec

154 1997 292 2077 Tiberio,
330 2017 434 2078 neque
472 2018 529 2063 nos
566 1999 720 2082 originem
757 1998 895 2062 finemve
933 1999 1001 2063 eins
1035 1998 1081 2062 rei
1114 1997 1199 2062 ultra

156 2100 374 2183 comperimus.

244 2202 282 2282 V,
317 2203 365 2266 li.
396 2204 494 2268 Exitu
525 2205 602 2268 anni
632 2204 686 2269 diu
715 2211 809 2270 aucta
840 2203 999 2270 discordia
1032 2204 1198 2269 consulum

132 2290 138 2304 ’
158 2305 270 2389 erupit,
301 2327 376 2371 nam
405 2307 490 2389 Trio,
520 2306 624 2372 facilis
647 2307 852 2392 capessendis
879 2307 1052 2373 inimicitiis
1075 2313 1106 2372 et
1128 2306 1198 2371 foro

157 2410 323 2491 exercitus,
355 2417 389 2474 ut
419 2431 551 2494 segnem
581 2412 738 2495 Regulum
767 2410 810 2474 ad
839 2410 1062 2494 opprimendos
1086 2410 1196 2475 Seiani

156 2515 316 2579 ministros
349 2515 475 2596 oblique
509 2515 750 2599 perstrinxerat:
785 2515 847 2595 ille,
882 2515 944 2579 nisi
977 2515 1196 2598 lacesseretur,

156 2618 330 2683 modestiae
364 2619 513 2700 retinens,
552 2641 615 2685 non
649 2619 742 2683 modo
775 2617 906 2683 rettudit
940 2617 1104 2702 collegam,
1139 2617 1198 2681 sed

157 2729 191 2786 ut
228 2723 358 2787 noxium
401 2724 625 2788 coniurationis
661 2722 704 2787 ad
745 2721 997 2804 disquisitionem
1039 2721 1195 2785 trahebat.

157 2826 325 2907 multisque
348 2834 473 2909 patrum
496 2826 659 2891 orantibus
681 2832 835 2909 ponerent
858 2825 931 2891 odia
959 2826 993 2889 in
1022 2823 1197 2909 perniciem

157 2929 248 3009 itura,
282 2949 426 2994 mansere
456 2930 573 2995 infensi
600 2950 638 2995 ac
665 2930 858 3010 minitantes,
889 2929 990 2994 donec
1010 2928 1198 3012 magistratu

157 3033 291 3098 abirent.

0 3232 142 3356 talliam
246 3242 301 3322 VI,
327 3241 355 3305 1.
380 3242 436 3307 Cn.
460 3241 618 3308 Domitius
648 3232 680 3306 et
703 3242 854 3308 Camillus
877 3240 1103 3307 Scribonianus
1126 3259 1197 3304 con-

1 3371 141 3418 assuerat.
160 3347 296 3411 sulatum
319 3345 464 3426 inierant,
489 3366 560 3410 cum
583 3345 701 3410 Caesar
723 3345 869 3409 tramisso
893 3343 978 3426 quod
1001 3345 1140 3427 Capreas
1164 3351 1196 3408 et

159 3450 344 3515 Surrentum
374 3449 513 3513 interluit
543 3449 623 3514 freto
648 3449 855 3533 Campaniam
885 3448 1099 3532 praelegebat,
1133 3467 1197 3510 am-

159 3554 274 3636 biguus
297 3574 339 3617 an
362 3553 470 3617 urbem
494 3552 635 3633 intraret,
660 3571 725 3633 seu,
750 3553 824 3634 quia
847 3557 955 3617 contra
971 3550 1197 3632 destinaverat,

161 3657 298 3742 speciem
330 3656 454 3721 venturi
485 3656 646 3721 simulans.
688 3662 718 3720 et
749 3674 845 3739 saepe
876 3655 909 3719 in
940 3655 1116 3738 propinqua
1147 3653 1199 3718 de-

159 3781 297 3844 gressus,
320 3760 415 3824 aditis
437 3760 527 3824 iuxta
549 3759 689 3824 'liberim
713 3759 820 3840 hortis,
844 3778 925 3824 saxa
943 3778 1066 3823 rursum
1082 3764 1113 3822 et
1129 3758 1199 3822 soli-

154 3865 297 3932 tudinem
328 3865 426 3932 maris
456 3863 593 3953 repetiit,
625 3863 746 3950 pudore
775 3864 929 3929 scelerum
959 3870 991 3928 et
1020 3860 1198 3943 libidinum,
