<?xml version="1.0" encoding="UTF-8"?>
<!DOCTYPE html PUBLIC "-//W3C//DTD XHTML 1.0 Transitional//EN"
    "http://www.w3.org/TR/xhtml1/DTD/xhtml1-transitional.dtd">
<html xmlns="http://www.w3.org/1999/xhtml" xml:lang="en" lang="en">
 <head>
  <title>
</title>
<meta http-equiv="Content-Type" content="text/html;charset=utf-8" />
  <meta name='ocr-system' content='tesseract 3.04.00' />
  <meta name='ocr-capabilities' content='ocr_page ocr_carea ocr_par ocr_line ocrx_word'/>
</head>
<body>
  <div class='ocr_page' id='page_1' title='image "./annalen00tacigoog_0194.png"; bbox 0 0 2760 4214; ppageno 0'>
   <div class='ocr_carea' id='block_1_1' title="bbox 249 179 1027 266">
    <p class='ocr_par' dir='ltr' id='par_1_1' title="bbox 249 179 1027 266">
     <span class='ocr_line' id='line_1_1' title="bbox 249 179 1027 266; baseline 0.012 -25"><span class='ocrx_word' id='word_1_1' title='bbox 249 179 312 242; x_wconf 69' lang='grc'>172</span> <span class='ocrx_word' id='word_1_2' title='bbox 497 196 547 250; x_wconf 91' lang='lat' dir='ltr'>Ab</span> <span class='ocrx_word' id='word_1_3' title='bbox 566 211 682 250; x_wconf 88' lang='lat' dir='ltr'>excessu</span> <span class='ocrx_word' id='word_1_4' title='bbox 698 197 732 250; x_wconf 92' lang='lat' dir='ltr'>D.</span> <span class='ocrx_word' id='word_1_5' title='bbox 746 196 873 266; x_wconf 77' lang='lat' dir='ltr'>Augusti</span> <span class='ocrx_word' id='word_1_6' title='bbox 890 197 932 252; x_wconf 85' lang='lat' dir='ltr'>VI</span> <span class='ocrx_word' id='word_1_7' title='bbox 952 201 1027 253; x_wconf 82' lang='lat'>7-9.</span> 
     </span>
    </p>
   </div>
   <div class='ocr_carea' id='block_1_2' title="bbox 85 369 1290 3879">
    <p class='ocr_par' dir='ltr' id='par_1_2' title="bbox 85 369 1290 3879">
     <span class='ocr_line' id='line_1_2' title="bbox 247 369 1288 456; baseline 0.004 -23"><span class='ocrx_word' id='word_1_8' title='bbox 247 369 404 436; x_wconf 87' lang='lat' dir='ltr'>Minucius</span> <span class='ocrx_word' id='word_1_9' title='bbox 432 371 569 453; x_wconf 85' lang='lat' dir='ltr'>equestri</span> <span class='ocrx_word' id='word_1_10' title='bbox 592 372 670 450; x_wconf 92' lang='lat' dir='ltr'>loco,</span> <span class='ocrx_word' id='word_1_11' title='bbox 701 369 844 435; x_wconf 84' lang='lat' dir='ltr'><strong>modeste</strong></span> <span class='ocrx_word' id='word_1_12' title='bbox 866 370 977 436; x_wconf 87' lang='lat' dir='ltr'>habita</span> <span class='ocrx_word' id='word_1_13' title='bbox 1000 371 1109 438; x_wconf 82' lang='lat' dir='ltr'>Seiani</span> <span class='ocrx_word' id='word_1_14' title='bbox 1130 371 1288 456; x_wconf 72' lang='lat' dir='ltr'>amicitia,</span> 
     </span>
     <span class='ocr_line' id='line_1_3' title="bbox 246 474 1290 561; baseline 0.001 -22"><span class='ocrx_word' id='word_1_15' title='bbox 246 474 331 540; x_wconf 88' lang='lat' dir='ltr'>unde</span> <span class='ocrx_word' id='word_1_16' title='bbox 354 475 415 540; x_wconf 89' lang='lat' dir='ltr'>illis</span> <span class='ocrx_word' id='word_1_17' title='bbox 438 476 538 540; x_wconf 90' lang='lat' dir='ltr'>maior</span> <span class='ocrx_word' id='word_1_18' title='bbox 560 475 729 540; x_wconf 89' lang='lat' dir='ltr'>miseratio.</span> <span class='ocrx_word' id='word_1_19' title='bbox 754 481 863 539; x_wconf 91' lang='lat' dir='ltr'>contra</span> <span class='ocrx_word' id='word_1_20' title='bbox 878 475 1025 540; x_wconf 84' lang='lat' dir='ltr'>Tiberius</span> <span class='ocrx_word' id='word_1_21' title='bbox 1040 477 1229 561; x_wconf 87' lang='lat' dir='ltr'>praecipuos</span> <span class='ocrx_word' id='word_1_22' title='bbox 1243 476 1290 541; x_wconf 89' lang='lat' dir='ltr'>ad</span> 
     </span>
     <span class='ocr_line' id='line_1_4' title="bbox 247 577 1288 663; baseline 0.002 -20"><span class='ocrx_word' id='word_1_23' title='bbox 247 580 366 644; x_wconf 90' lang='lat' dir='ltr'>scelera</span> <span class='ocrx_word' id='word_1_24' title='bbox 395 579 563 663; x_wconf 89' lang='lat' dir='ltr'>increpans</span> <span class='ocrx_word' id='word_1_25' title='bbox 593 577 758 644; x_wconf 84' lang='lat' dir='ltr'>admonuit</span> <span class='ocrx_word' id='word_1_26' title='bbox 790 579 825 644; x_wconf 80' lang='lat' dir='ltr'>O.</span> <span class='ocrx_word' id='word_1_27' title='bbox 854 579 994 644; x_wconf 79' lang='lat' dir='ltr'>Cestium</span> <span class='ocrx_word' id='word_1_28' title='bbox 1027 586 1151 663; x_wconf 88' lang='lat' dir='ltr'>patrem</span> <span class='ocrx_word' id='word_1_29' title='bbox 1180 579 1288 646; x_wconf 91' lang='lat' dir='ltr'>dicere</span> 
     </span>
     <span class='ocr_line' id='line_1_5' title="bbox 246 683 1289 767; baseline 0 -18"><span class='ocrx_word' id='word_1_30' title='bbox 246 684 370 749; x_wconf 89' lang='lat' dir='ltr'>senatui</span> <span class='ocrx_word' id='word_1_31' title='bbox 397 703 479 765; x_wconf 90' lang='lat' dir='ltr'>quae</span> <span class='ocrx_word' id='word_1_32' title='bbox 507 683 567 748; x_wconf 90' lang='lat' dir='ltr'>sibi</span> <span class='ocrx_word' id='word_1_33' title='bbox 598 683 785 767; x_wconf 78' lang='lat' dir='ltr'>scripsisset,</span> <span class='ocrx_word' id='word_1_34' title='bbox 816 684 1019 767; x_wconf 82' lang='lat' dir='ltr'>suscepitque</span> <span class='ocrx_word' id='word_1_35' title='bbox 1044 685 1168 750; x_wconf 80' lang='lat' dir='ltr'>Cestius</span> <span class='ocrx_word' id='word_1_36' title='bbox 1197 705 1289 749; x_wconf 91' lang='lat' dir='ltr'>accu-</span> 
     </span>
     <span class='ocr_line' id='line_1_6' title="bbox 246 786 1287 873; baseline 0 -20"><span class='ocrx_word' id='word_1_37' title='bbox 246 787 410 853; x_wconf 89' lang='lat' dir='ltr'>sationem.</span> <span class='ocrx_word' id='word_1_38' title='bbox 458 786 541 869; x_wconf 91' lang='lat' dir='ltr'>quod</span> <span class='ocrx_word' id='word_1_39' title='bbox 572 787 710 851; x_wconf 90' lang='lat' dir='ltr'>maxime</span> <span class='ocrx_word' id='word_1_40' title='bbox 741 787 904 852; x_wconf 80' lang='lat' dir='ltr'>exitiabile</span> <span class='ocrx_word' id='word_1_41' title='bbox 934 788 1034 853; x_wconf 89' lang='lat' dir='ltr'>tulere</span> <span class='ocrx_word' id='word_1_42' title='bbox 1056 788 1110 852; x_wconf 88' lang='lat' dir='ltr'>illa</span> <span class='ocrx_word' id='word_1_43' title='bbox 1132 795 1287 873; x_wconf 88' lang='lat' dir='ltr'>tempora,</span> 
     </span>
     <span class='ocr_line' id='line_1_7' title="bbox 247 889 1288 974; baseline 0.001 -19"><span class='ocrx_word' id='word_1_44' title='bbox 247 911 318 955; x_wconf 92' lang='lat' dir='ltr'>cum</span> <span class='ocrx_word' id='word_1_45' title='bbox 333 890 485 974; x_wconf 89' lang='lat' dir='ltr'>primores</span> <span class='ocrx_word' id='word_1_46' title='bbox 501 897 630 955; x_wconf 89' lang='lat' dir='ltr'>senatus</span> <span class='ocrx_word' id='word_1_47' title='bbox 644 889 771 954; x_wconf 88' lang='lat' dir='ltr'>infimas</span> <span class='ocrx_word' id='word_1_48' title='bbox 787 891 882 954; x_wconf 90' lang='lat' dir='ltr'>etiam</span> <span class='ocrx_word' id='word_1_49' title='bbox 898 890 1074 956; x_wconf 85' lang='lat' dir='ltr'>delationes</span> <span class='ocrx_word' id='word_1_50' title='bbox 1089 898 1288 973; x_wconf 80' lang='lat' dir='ltr'>exercerent,</span> 
     </span>
     <span class='ocr_line' id='line_1_8' title="bbox 246 993 1289 1078; baseline 0.003 -21"><span class='ocrx_word' id='word_1_51' title='bbox 246 994 301 1058; x_wconf 86' lang='lat' dir='ltr'>alii</span> <span class='ocrx_word' id='word_1_52' title='bbox 332 994 504 1077; x_wconf 82' lang='lat' dir='ltr'>propalam,</span> <span class='ocrx_word' id='word_1_53' title='bbox 539 993 629 1058; x_wconf 92' lang='lat' dir='ltr'>multi</span> <span class='ocrx_word' id='word_1_54' title='bbox 659 1013 716 1077; x_wconf 89' lang='lat' dir='ltr'>per</span> <span class='ocrx_word' id='word_1_55' title='bbox 745 995 916 1078; x_wconf 74' lang='lat' dir='ltr'>occultum,</span> <span class='ocrx_word' id='word_1_56' title='bbox 951 1014 1055 1077; x_wconf 91' lang='lat' dir='ltr'>neque</span> <span class='ocrx_word' id='word_1_57' title='bbox 1089 994 1289 1073; x_wconf 88' lang='lat' dir='ltr'>discerneres</span> 
     </span>
     <span class='ocr_line' id='line_1_9' title="bbox 246 1098 1289 1183; baseline 0.004 -22"><span class='ocrx_word' id='word_1_58' title='bbox 246 1098 366 1162; x_wconf 89' lang='lat' dir='ltr'>alienos</span> <span class='ocrx_word' id='word_1_59' title='bbox 388 1118 408 1161; x_wconf 99' lang='lat' dir='ltr'>a</span> <span class='ocrx_word' id='word_1_60' title='bbox 432 1098 616 1180; x_wconf 85' lang='lat' dir='ltr'>coniunctis,</span> <span class='ocrx_word' id='word_1_61' title='bbox 639 1099 758 1163; x_wconf 90' lang='lat' dir='ltr'>amicos</span> <span class='ocrx_word' id='word_1_62' title='bbox 781 1098 823 1162; x_wconf 90' lang='lat' dir='ltr'>ab</span> <span class='ocrx_word' id='word_1_63' title='bbox 846 1098 972 1182; x_wconf 92' lang='lat' dir='ltr'>ignotis,</span> <span class='ocrx_word' id='word_1_64' title='bbox 996 1099 1072 1181; x_wconf 93' lang='lat' dir='ltr'>quid</span> <span class='ocrx_word' id='word_1_65' title='bbox 1094 1107 1289 1183; x_wconf 85' lang='lat' dir='ltr'>repensant</span> 
     </span>
     <span class='ocr_line' id='line_1_10' title="bbox 246 1201 1288 1285; baseline 0.003 -20"><span class='ocrx_word' id='word_1_66' title='bbox 246 1207 404 1266; x_wconf 86' lang='lat' dir='ltr'>vetustate</span> <span class='ocrx_word' id='word_1_67' title='bbox 427 1202 608 1266; x_wconf 89' lang='lat' dir='ltr'>obscurum:</span> <span class='ocrx_word' id='word_1_68' title='bbox 632 1201 765 1284; x_wconf 92' lang='lat' dir='ltr'>perinde</span> <span class='ocrx_word' id='word_1_69' title='bbox 780 1202 812 1265; x_wconf 95' lang='lat' dir='ltr'>in</span> <span class='ocrx_word' id='word_1_70' title='bbox 829 1201 905 1282; x_wconf 87' lang='lat' dir='ltr'>foro,</span> <span class='ocrx_word' id='word_1_71' title='bbox 928 1202 962 1266; x_wconf 94' lang='lat' dir='ltr'>in</span> <span class='ocrx_word' id='word_1_72' title='bbox 978 1203 1135 1284; x_wconf 89' lang='lat' dir='ltr'>convivio,</span> <span class='ocrx_word' id='word_1_73' title='bbox 1159 1224 1288 1285; x_wconf 88' lang='lat' dir='ltr'>quaqua</span> 
     </span>
     <span class='ocr_line' id='line_1_11' title="bbox 247 1304 1288 1389; baseline 0.004 -22"><span class='ocrx_word' id='word_1_74' title='bbox 247 1304 287 1370; x_wconf 91' lang='lat' dir='ltr'>de</span> <span class='ocrx_word' id='word_1_75' title='bbox 309 1324 343 1369; x_wconf 91' lang='lat' dir='ltr'>re</span> <span class='ocrx_word' id='word_1_76' title='bbox 366 1305 460 1370; x_wconf 89' lang='lat' dir='ltr'>locuti</span> <span class='ocrx_word' id='word_1_77' title='bbox 488 1305 723 1386; x_wconf 82' lang='lat' dir='ltr'>incusabantur,</span> <span class='ocrx_word' id='word_1_78' title='bbox 755 1312 789 1370; x_wconf 90' lang='lat' dir='ltr'>ut</span> <span class='ocrx_word' id='word_1_79' title='bbox 820 1306 889 1387; x_wconf 87' lang='lat' dir='ltr'>quis</span> <span class='ocrx_word' id='word_1_80' title='bbox 919 1307 1105 1389; x_wconf 89' lang='lat' dir='ltr'>praevenire</span> <span class='ocrx_word' id='word_1_81' title='bbox 1136 1315 1168 1372; x_wconf 92' lang='lat' dir='ltr'>et</span> <span class='ocrx_word' id='word_1_82' title='bbox 1197 1327 1288 1371; x_wconf 90' lang='lat' dir='ltr'>reum</span> 
     </span>
     <span class='ocr_line' id='line_1_12' title="bbox 246 1408 1288 1494; baseline 0.003 -22"><span class='ocrx_word' id='word_1_83' title='bbox 246 1408 406 1474; x_wconf 89' lang='lat' dir='ltr'>destinare</span> <span class='ocrx_word' id='word_1_84' title='bbox 429 1415 585 1493; x_wconf 85' lang='lat' dir='ltr'>properat,</span> <span class='ocrx_word' id='word_1_85' title='bbox 609 1429 684 1493; x_wconf 88' lang='lat' dir='ltr'>pars</span> <span class='ocrx_word' id='word_1_86' title='bbox 706 1408 749 1472; x_wconf 90' lang='lat' dir='ltr'>ad</span> <span class='ocrx_word' id='word_1_87' title='bbox 770 1409 946 1474; x_wconf 87' lang='lat' dir='ltr'>subsidium</span> <span class='ocrx_word' id='word_1_88' title='bbox 970 1410 1027 1491; x_wconf 91' lang='lat' dir='ltr'>sui,</span> <span class='ocrx_word' id='word_1_89' title='bbox 1050 1411 1156 1494; x_wconf 89' lang='lat' dir='ltr'>plures</span> <span class='ocrx_word' id='word_1_90' title='bbox 1176 1410 1288 1475; x_wconf 87' lang='lat' dir='ltr'>infecti</span> 
     </span>
     <span class='ocr_line' id='line_1_13' title="bbox 246 1511 1288 1595; baseline 0.003 -19"><span class='ocrx_word' id='word_1_91' title='bbox 246 1513 337 1595; x_wconf 90' lang='lat' dir='ltr'>quasi</span> <span class='ocrx_word' id='word_1_92' title='bbox 361 1511 542 1577; x_wconf 89' lang='lat' dir='ltr'>valetudine</span> <span class='ocrx_word' id='word_1_93' title='bbox 566 1518 597 1576; x_wconf 91' lang='lat' dir='ltr'>et</span> <span class='ocrx_word' id='word_1_94' title='bbox 621 1518 776 1577; x_wconf 87' lang='lat' dir='ltr'>contactu.</span> <span class='ocrx_word' id='word_1_95' title='bbox 816 1511 873 1577; x_wconf 88' lang='lat' dir='ltr'>sed</span> <span class='ocrx_word' id='word_1_96' title='bbox 895 1513 1052 1578; x_wconf 88' lang='lat' dir='ltr'>Minucius</span> <span class='ocrx_word' id='word_1_97' title='bbox 1075 1519 1106 1578; x_wconf 92' lang='lat' dir='ltr'>et</span> <span class='ocrx_word' id='word_1_98' title='bbox 1128 1514 1288 1579; x_wconf 81' lang='lat' dir='ltr'>Servaeus</span> 
     </span>
     <span class='ocr_line' id='line_1_14' title="bbox 247 1614 1288 1697; baseline 0.002 -18"><span class='ocrx_word' id='word_1_99' title='bbox 247 1614 389 1679; x_wconf 90' lang='lat' dir='ltr'>damnati</span> <span class='ocrx_word' id='word_1_100' title='bbox 423 1615 581 1680; x_wconf 88' lang='lat' dir='ltr'>indicibus</span> <span class='ocrx_word' id='word_1_101' title='bbox 615 1635 786 1680; x_wconf 87' lang='lat' dir='ltr'>accessere.</span> <span class='ocrx_word' id='word_1_102' title='bbox 826 1617 982 1697; x_wconf 89' lang='lat' dir='ltr'>tractique</span> <span class='ocrx_word' id='word_1_103' title='bbox 1013 1622 1087 1681; x_wconf 91' lang='lat' dir='ltr'>sunt</span> <span class='ocrx_word' id='word_1_104' title='bbox 1114 1616 1147 1680; x_wconf 93' lang='lat' dir='ltr'>in</span> <span class='ocrx_word' id='word_1_105' title='bbox 1178 1636 1288 1682; x_wconf 88' lang='lat' dir='ltr'>casum</span> 
     </span>
     <span class='ocr_line' id='line_1_15' title="bbox 248 1719 1287 1802; baseline 0.002 -18"><span class='ocrx_word' id='word_1_106' title='bbox 248 1721 384 1785; x_wconf 89' lang='lat' dir='ltr'>eundem</span> <span class='ocrx_word' id='word_1_107' title='bbox 400 1720 498 1785; x_wconf 91' lang='lat' dir='ltr'>Iulius</span> <span class='ocrx_word' id='word_1_108' title='bbox 514 1719 684 1784; x_wconf 81' lang='lat' dir='ltr'>Africanus</span> <span class='ocrx_word' id='word_1_109' title='bbox 700 1740 717 1783; x_wconf 91' lang='lat' dir='ltr'>e</span> <span class='ocrx_word' id='word_1_110' title='bbox 733 1720 883 1785; x_wconf 82' lang='lat' dir='ltr'>Santonis</span> <span class='ocrx_word' id='word_1_111' title='bbox 897 1720 1019 1785; x_wconf 79' lang='lat' dir='ltr'>Gallica</span> <span class='ocrx_word' id='word_1_112' title='bbox 1036 1721 1173 1802; x_wconf 88' lang='lat' dir='ltr'>civitate,</span> <span class='ocrx_word' id='word_1_113' title='bbox 1194 1721 1287 1786; x_wconf 83' lang='lat' dir='ltr'>Seius</span> 
     </span>
     <span class='ocr_line' id='line_1_16' title="bbox 248 1823 1287 1907; baseline 0.001 -19"><span class='ocrx_word' id='word_1_114' title='bbox 248 1823 441 1907; x_wconf 62' lang='lat' dir='ltr'>Quadratum</span> <span class='ocrx_word' id='word_1_115' title='bbox 465 1824 619 1906; x_wconf 81' lang='lat' dir='ltr'>originem</span> <span class='ocrx_word' id='word_1_116' title='bbox 641 1844 705 1887; x_wconf 92' lang='lat' dir='ltr'>non</span> <span class='ocrx_word' id='word_1_117' title='bbox 728 1825 863 1907; x_wconf 88' lang='lat' dir='ltr'>repperi.</span> <span class='ocrx_word' id='word_1_118' title='bbox 895 1843 999 1905; x_wconf 88' lang='lat' dir='ltr'>neque</span> <span class='ocrx_word' id='word_1_119' title='bbox 1023 1844 1092 1888; x_wconf 90' lang='lat' dir='ltr'>sum</span> <span class='ocrx_word' id='word_1_120' title='bbox 1114 1824 1244 1907; x_wconf 87' lang='lat' dir='ltr'>ignarus</span> <span class='ocrx_word' id='word_1_121' title='bbox 1267 1845 1287 1889; x_wconf 91' lang='lat' dir='ltr'>a</span> 
     </span>
     <span class='ocr_line' id='line_1_17' title="bbox 246 1927 1286 2012; baseline 0.003 -21"><span class='ocrx_word' id='word_1_122' title='bbox 246 1928 405 2012; x_wconf 89' lang='lat' dir='ltr'>plerisque</span> <span class='ocrx_word' id='word_1_123' title='bbox 421 1928 624 2012; x_wconf 89' lang='lat' dir='ltr'>scriptoribus</span> <span class='ocrx_word' id='word_1_124' title='bbox 639 1927 757 1993; x_wconf 88' lang='lat' dir='ltr'>omissa</span> <span class='ocrx_word' id='word_1_125' title='bbox 772 1929 940 1992; x_wconf 92' lang='lat' dir='ltr'>multorum</span> <span class='ocrx_word' id='word_1_126' title='bbox 956 1928 1096 2011; x_wconf 90' lang='lat' dir='ltr'>pericula</span> <span class='ocrx_word' id='word_1_127' title='bbox 1112 1936 1143 1993; x_wconf 92' lang='lat' dir='ltr'>ct</span> <span class='ocrx_word' id='word_1_128' title='bbox 1155 1948 1286 2012; x_wconf 86' lang='lat' dir='ltr'>poenas,</span> 
     </span>
     <span class='ocr_line' id='line_1_18' title="bbox 247 2030 1286 2115; baseline 0.002 -21"><span class='ocrx_word' id='word_1_129' title='bbox 247 2030 322 2095; x_wconf 94' lang='lat' dir='ltr'>dum</span> <span class='ocrx_word' id='word_1_130' title='bbox 353 2031 444 2115; x_wconf 90' lang='lat' dir='ltr'>copia</span> <span class='ocrx_word' id='word_1_131' title='bbox 473 2031 624 2095; x_wconf 85' lang='lat' dir='ltr'>fatiscunt</span> <span class='ocrx_word' id='word_1_132' title='bbox 653 2037 717 2112; x_wconf 89' lang='lat' dir='ltr'>aut,</span> <span class='ocrx_word' id='word_1_133' title='bbox 753 2051 834 2113; x_wconf 90' lang='lat' dir='ltr'>quae</span> <span class='ocrx_word' id='word_1_134' title='bbox 865 2032 943 2115; x_wconf 87' lang='lat' dir='ltr'>ipsis</span> <span class='ocrx_word' id='word_1_135' title='bbox 973 2032 1072 2095; x_wconf 90' lang='lat' dir='ltr'>nimia</span> <span class='ocrx_word' id='word_1_136' title='bbox 1102 2038 1133 2095; x_wconf 91' lang='lat' dir='ltr'>et</span> <span class='ocrx_word' id='word_1_137' title='bbox 1163 2039 1286 2097; x_wconf 89' lang='lat' dir='ltr'>maesta</span> 
     </span>
     <span class='ocr_line' id='line_1_19' title="bbox 211 2134 1287 2218; baseline 0.003 -20"><span class='ocrx_word' id='word_1_138' title='bbox 211 2201 213 2207; x_wconf 65' lang='grc'>,</span> <span class='ocrx_word' id='word_1_139' title='bbox 246 2134 383 2216; x_wconf 87' lang='lat' dir='ltr'>fuerant,</span> <span class='ocrx_word' id='word_1_140' title='bbox 407 2155 447 2199; x_wconf 91' lang='lat' dir='ltr'>ne</span> <span class='ocrx_word' id='word_1_141' title='bbox 463 2135 532 2218; x_wconf 92' lang='lat' dir='ltr'>pari</span> <span class='ocrx_word' id='word_1_142' title='bbox 547 2134 652 2201; x_wconf 90' lang='lat' dir='ltr'>taedio</span> <span class='ocrx_word' id='word_1_143' title='bbox 669 2136 803 2200; x_wconf 89' lang='lat' dir='ltr'>lecturos</span> <span class='ocrx_word' id='word_1_144' title='bbox 818 2134 992 2200; x_wconf 88' lang='lat' dir='ltr'>adficerent</span> <span class='ocrx_word' id='word_1_145' title='bbox 1007 2142 1170 2200; x_wconf 80' lang='lat' dir='ltr'>verentur:</span> <span class='ocrx_word' id='word_1_146' title='bbox 1194 2137 1287 2202; x_wconf 90' lang='lat' dir='ltr'>nobis</span> 
     </span>
     <span class='ocr_line' id='line_1_20' title="bbox 249 2239 1286 2323; baseline 0.002 -20"><span class='ocrx_word' id='word_1_147' title='bbox 249 2241 400 2323; x_wconf 88' lang='lat' dir='ltr'>pleraque</span> <span class='ocrx_word' id='word_1_148' title='bbox 429 2239 527 2323; x_wconf 89' lang='lat' dir='ltr'>digna</span> <span class='ocrx_word' id='word_1_149' title='bbox 557 2240 685 2323; x_wconf 89' lang='lat' dir='ltr'>cognitu</span> <span class='ocrx_word' id='word_1_150' title='bbox 715 2241 883 2321; x_wconf 89' lang='lat' dir='ltr'>obvenere,</span> <span class='ocrx_word' id='word_1_151' title='bbox 919 2260 1109 2322; x_wconf 89' lang='lat' dir='ltr'>quamquam</span> <span class='ocrx_word' id='word_1_152' title='bbox 1144 2240 1185 2304; x_wconf 86' lang='lat' dir='ltr'>ab</span> <span class='ocrx_word' id='word_1_153' title='bbox 1216 2241 1286 2307; x_wconf 88' lang='lat' dir='ltr'>aliis</span> 
     </span>
     <span class='ocr_line' id='line_1_21' title="bbox 247 2343 452 2408; baseline -0.005 0"><span class='ocrx_word' id='word_1_154' title='bbox 247 2343 452 2408; x_wconf 87' lang='lat' dir='ltr'>incelebrata.</span> 
     </span>
     <span class='ocr_line' id='line_1_22' title="bbox 85 2431 1286 2548; baseline 0 -37"><span class='ocrx_word' id='word_1_155' title='bbox 85 2431 217 2548; x_wconf 51' lang='lat' dir='ltr'>l‘ffifll&#39;</span> <span class='ocrx_word' id='word_1_156' title='bbox 333 2448 362 2512; x_wconf 84' lang='lat'>8.</span> <span class='ocrx_word' id='word_1_157' title='bbox 387 2449 469 2512; x_wconf 91' lang='lat' dir='ltr'>Nam</span> <span class='ocrx_word' id='word_1_158' title='bbox 493 2468 531 2512; x_wconf 89' lang='lat' dir='ltr'>ea</span> <span class='ocrx_word' id='word_1_159' title='bbox 554 2453 752 2531; x_wconf 86' lang='lat' dir='ltr'>tempestate,</span> <span class='ocrx_word' id='word_1_160' title='bbox 777 2467 840 2529; x_wconf 90' lang='lat' dir='ltr'>qua</span> <span class='ocrx_word' id='word_1_161' title='bbox 863 2447 970 2512; x_wconf 85' lang='lat' dir='ltr'>Seiani</span> <span class='ocrx_word' id='word_1_162' title='bbox 993 2447 1165 2512; x_wconf 88' lang='lat' dir='ltr'>amicitiam</span> <span class='ocrx_word' id='word_1_163' title='bbox 1189 2447 1286 2513; x_wconf 88' lang='lat' dir='ltr'>ceteri</span> 
     </span>
     <span class='ocr_line' id='line_1_23' title="bbox 93 2551 1285 2632; baseline -0.001 -16"><span class='ocrx_word' id='word_1_164' title='bbox 93 2573 206 2627; x_wconf 63' lang='lat' dir='ltr'>tanqam</span> <span class='ocrx_word' id='word_1_165' title='bbox 247 2551 326 2617; x_wconf 87' lang='lat' dir='ltr'>falso</span> <span class='ocrx_word' id='word_1_166' title='bbox 349 2558 513 2630; x_wconf 82' lang='lat' dir='ltr'>exuerant,</span> <span class='ocrx_word' id='word_1_167' title='bbox 544 2571 640 2615; x_wconf 86' lang='lat' dir='ltr'>ausus</span> <span class='ocrx_word' id='word_1_168' title='bbox 668 2557 716 2615; x_wconf 91' lang='lat' dir='ltr'>est</span> <span class='ocrx_word' id='word_1_169' title='bbox 739 2570 836 2632; x_wconf 88' lang='lat' dir='ltr'>eques</span> <span class='ocrx_word' id='word_1_170' title='bbox 859 2552 1020 2615; x_wconf 89' lang='lat' dir='ltr'>Romanus</span> <span class='ocrx_word' id='word_1_171' title='bbox 1042 2551 1083 2615; x_wconf 90' lang='lat' dir='ltr'>M.</span> <span class='ocrx_word' id='word_1_172' title='bbox 1107 2551 1285 2631; x_wconf 86' lang='lat' dir='ltr'>Terentius,</span> 
     </span>
     <span class='ocr_line' id='line_1_24' title="bbox 88 2643 1286 2757; baseline -0.002 -37"><span class='ocrx_word' id='word_1_173' title='bbox 88 2643 214 2757; x_wconf 39' lang='lat' dir='ltr'>mma,</span> <span class='ocrx_word' id='word_1_174' title='bbox 246 2656 287 2720; x_wconf 90' lang='lat' dir='ltr'>ob</span> <span class='ocrx_word' id='word_1_175' title='bbox 317 2655 350 2719; x_wconf 93' lang='lat' dir='ltr'>id</span> <span class='ocrx_word' id='word_1_176' title='bbox 377 2676 458 2736; x_wconf 91' lang='lat' dir='ltr'>rcus,</span> <span class='ocrx_word' id='word_1_177' title='bbox 490 2655 648 2739; x_wconf 92' lang='lat' dir='ltr'>amplecti,</span> <span class='ocrx_word' id='word_1_178' title='bbox 680 2653 721 2718; x_wconf 91' lang='lat' dir='ltr'>ad</span> <span class='ocrx_word' id='word_1_179' title='bbox 751 2654 836 2718; x_wconf 90' lang='lat' dir='ltr'>hunc</span> <span class='ocrx_word' id='word_1_180' title='bbox 865 2654 993 2719; x_wconf 92' lang='lat' dir='ltr'>modum</span> <span class='ocrx_word' id='word_1_181' title='bbox 1023 2653 1110 2738; x_wconf 89' lang='lat' dir='ltr'>apud</span> <span class='ocrx_word' id='word_1_182' title='bbox 1139 2660 1286 2719; x_wconf 89' lang='lat' dir='ltr'>senatum</span> 
     </span>
     <span class='ocr_line' id='line_1_25' title="bbox 247 2753 1286 2840; baseline -0.004 -16"><span class='ocrx_word' id='word_1_183' title='bbox 247 2758 413 2824; x_wconf 90' lang='lat' dir='ltr'>ordiendo:</span> <span class='ocrx_word' id='word_1_184' title='bbox 437 2753 593 2823; x_wconf 83' lang='lat' dir='ltr'>‘fortunae</span> <span class='ocrx_word' id='word_1_185' title='bbox 616 2756 744 2840; x_wconf 90' lang='lat' dir='ltr'>quidem</span> <span class='ocrx_word' id='word_1_186' title='bbox 759 2777 849 2822; x_wconf 87' lang='lat' dir='ltr'>meae</span> <span class='ocrx_word' id='word_1_187' title='bbox 865 2757 998 2823; x_wconf 83' lang='lat' dir='ltr'>sortasse</span> <span class='ocrx_word' id='word_1_188' title='bbox 1013 2758 1118 2822; x_wconf 92' lang='lat' dir='ltr'>minus</span> <span class='ocrx_word' id='word_1_189' title='bbox 1134 2756 1286 2840; x_wconf 90' lang='lat' dir='ltr'>expediat</span> 
     </span>
     <span class='ocr_line' id='line_1_26' title="bbox 245 2860 1286 2945; baseline -0.001 -19"><span class='ocrx_word' id='word_1_190' title='bbox 245 2861 441 2945; x_wconf 82' lang='lat' dir='ltr'>adgnoscere</span> <span class='ocrx_word' id='word_1_191' title='bbox 465 2862 583 2925; x_wconf 91' lang='lat' dir='ltr'>crimen</span> <span class='ocrx_word' id='word_1_192' title='bbox 606 2882 701 2944; x_wconf 89' lang='lat' dir='ltr'>quam</span> <span class='ocrx_word' id='word_1_193' title='bbox 723 2863 877 2944; x_wconf 72' lang='lat' dir='ltr'>abnuere,</span> <span class='ocrx_word' id='word_1_194' title='bbox 901 2860 959 2926; x_wconf 88' lang='lat' dir='ltr'>sed</span> <span class='ocrx_word' id='word_1_195' title='bbox 980 2867 1150 2943; x_wconf 90' lang='lat' dir='ltr'>utcumque</span> <span class='ocrx_word' id='word_1_196' title='bbox 1172 2880 1286 2925; x_wconf 87' lang='lat' dir='ltr'>casura</span> 
     </span>
     <span class='ocr_line' id='line_1_27' title="bbox 145 2964 1284 3045; baseline 0 -17"><span class='ocrx_word' id='word_1_197' title='bbox 145 3007 147 3010; x_wconf 54' lang='lat'>&gt;</span> <span class='ocrx_word' id='word_1_198' title='bbox 246 2986 296 3030; x_wconf 88' lang='lat' dir='ltr'>res</span> <span class='ocrx_word' id='word_1_199' title='bbox 319 2972 376 3045; x_wconf 86' lang='lat' dir='ltr'>est,</span> <span class='ocrx_word' id='word_1_200' title='bbox 401 2965 526 3031; x_wconf 86' lang='lat' dir='ltr'>fatebor</span> <span class='ocrx_word' id='word_1_201' title='bbox 547 2972 579 3030; x_wconf 92' lang='lat' dir='ltr'>et</span> <span class='ocrx_word' id='word_1_202' title='bbox 601 2965 699 3029; x_wconf 84' lang='lat' dir='ltr'>fuisse</span> <span class='ocrx_word' id='word_1_203' title='bbox 715 2985 766 3029; x_wconf 91' lang='lat' dir='ltr'>me</span> <span class='ocrx_word' id='word_1_204' title='bbox 782 2964 898 3030; x_wconf 84' lang='lat' dir='ltr'>Seiano</span> <span class='ocrx_word' id='word_1_205' title='bbox 914 2964 1060 3045; x_wconf 90' lang='lat' dir='ltr'>amicum,</span> <span class='ocrx_word' id='word_1_206' title='bbox 1084 2970 1116 3029; x_wconf 92' lang='lat' dir='ltr'>et</span> <span class='ocrx_word' id='word_1_207' title='bbox 1131 2969 1166 3028; x_wconf 90' lang='lat' dir='ltr'>ut</span> <span class='ocrx_word' id='word_1_208' title='bbox 1182 2983 1284 3029; x_wconf 91' lang='lat' dir='ltr'>essem</span> 
     </span>
     <span class='ocr_line' id='line_1_28' title="bbox 247 3067 1285 3153; baseline -0.001 -21"><span class='ocrx_word' id='word_1_209' title='bbox 247 3069 416 3153; x_wconf 89' lang='lat' dir='ltr'>expetisse,</span> <span class='ocrx_word' id='word_1_210' title='bbox 440 3074 472 3133; x_wconf 90' lang='lat' dir='ltr'>et</span> <span class='ocrx_word' id='word_1_211' title='bbox 494 3076 661 3152; x_wconf 90' lang='lat' dir='ltr'>postquam</span> <span class='ocrx_word' id='word_1_212' title='bbox 683 3068 818 3152; x_wconf 90' lang='lat' dir='ltr'>adeptus</span> <span class='ocrx_word' id='word_1_213' title='bbox 841 3088 927 3132; x_wconf 90' lang='lat' dir='ltr'>eram</span> <span class='ocrx_word' id='word_1_214' title='bbox 949 3069 1109 3133; x_wconf 90' lang='lat' dir='ltr'>laetatum.</span> <span class='ocrx_word' id='word_1_215' title='bbox 1140 3067 1285 3132; x_wconf 85' lang='lat' dir='ltr'>videram</span> 
     </span>
     <span class='ocr_line' id='line_1_29' title="bbox 247 3170 1286 3256; baseline -0.001 -19"><span class='ocrx_word' id='word_1_216' title='bbox 247 3173 399 3256; x_wconf 88' lang='lat' dir='ltr'>collegam</span> <span class='ocrx_word' id='word_1_217' title='bbox 422 3172 521 3256; x_wconf 89' lang='lat' dir='ltr'>patris</span> <span class='ocrx_word' id='word_1_218' title='bbox 543 3171 691 3255; x_wconf 87' lang='lat' dir='ltr'>regendis</span> <span class='ocrx_word' id='word_1_219' title='bbox 711 3172 876 3255; x_wconf 89' lang='lat' dir='ltr'>praetoriis</span> <span class='ocrx_word' id='word_1_220' title='bbox 892 3170 1083 3252; x_wconf 89' lang='lat' dir='ltr'>cohortibus,</span> <span class='ocrx_word' id='word_1_221' title='bbox 1106 3190 1182 3235; x_wconf 87' lang='lat' dir='ltr'>mcx</span> <span class='ocrx_word' id='word_1_222' title='bbox 1197 3170 1286 3236; x_wconf 91' lang='lat' dir='ltr'>urbis</span> 
     </span>
     <span class='ocr_line' id='line_1_30' title="bbox 246 3273 1286 3359; baseline -0.004 -17"><span class='ocrx_word' id='word_1_223' title='bbox 246 3284 278 3342; x_wconf 92' lang='lat' dir='ltr'>et</span> <span class='ocrx_word' id='word_1_224' title='bbox 300 3277 431 3342; x_wconf 87' lang='lat' dir='ltr'>militiae</span> <span class='ocrx_word' id='word_1_225' title='bbox 455 3277 563 3341; x_wconf 90' lang='lat' dir='ltr'>munia</span> <span class='ocrx_word' id='word_1_226' title='bbox 585 3276 678 3342; x_wconf 90' lang='lat' dir='ltr'>simul</span> <span class='ocrx_word' id='word_1_227' title='bbox 698 3276 876 3341; x_wconf 91' lang='lat' dir='ltr'>obeuntem.</span> <span class='ocrx_word' id='word_1_228' title='bbox 901 3275 985 3339; x_wconf 91' lang='lat' dir='ltr'>illius</span> <span class='ocrx_word' id='word_1_229' title='bbox 1000 3275 1170 3359; x_wconf 90' lang='lat' dir='ltr'>propinqui</span> <span class='ocrx_word' id='word_1_230' title='bbox 1185 3282 1218 3339; x_wconf 90' lang='lat' dir='ltr'>et</span> <span class='ocrx_word' id='word_1_231' title='bbox 1232 3273 1286 3338; x_wconf 91' lang='lat' dir='ltr'>ad—</span> 
     </span>
     <span class='ocr_line' id='line_1_31' title="bbox 246 3378 1285 3462; baseline -0.001 -18"><span class='ocrx_word' id='word_1_232' title='bbox 246 3380 326 3446; x_wconf 89' lang='lat' dir='ltr'>fines</span> <span class='ocrx_word' id='word_1_233' title='bbox 350 3380 521 3446; x_wconf 86' lang='lat' dir='ltr'>honoribus</span> <span class='ocrx_word' id='word_1_234' title='bbox 542 3380 755 3462; x_wconf 82' lang='lat' dir='ltr'>augebantnr3</span> <span class='ocrx_word' id='word_1_235' title='bbox 791 3379 980 3461; x_wconf 89' lang='lat' dir='ltr'>utquisque</span> <span class='ocrx_word' id='word_1_236' title='bbox 1004 3379 1120 3444; x_wconf 79' lang='lat' dir='ltr'>Seiano</span> <span class='ocrx_word' id='word_1_237' title='bbox 1143 3378 1285 3458; x_wconf 92' lang='lat' dir='ltr'>intimus,</span> 
     </span>
     <span class='ocr_line' id='line_1_32' title="bbox 245 3481 1286 3564; baseline -0.001 -16"><span class='ocrx_word' id='word_1_238' title='bbox 245 3485 291 3549; x_wconf 89' lang='lat' dir='ltr'>ita</span> <span class='ocrx_word' id='word_1_239' title='bbox 305 3485 347 3549; x_wconf 94' lang='lat' dir='ltr'>ad</span> <span class='ocrx_word' id='word_1_240' title='bbox 364 3485 508 3550; x_wconf 80' lang='lat' dir='ltr'>Caesaris</span> <span class='ocrx_word' id='word_1_241' title='bbox 531 3484 702 3549; x_wconf 92' lang='lat' dir='ltr'>amicitiam</span> <span class='ocrx_word' id='word_1_242' title='bbox 723 3482 862 3548; x_wconf 84' lang='lat' dir='ltr'>validus:</span> <span class='ocrx_word' id='word_1_243' title='bbox 887 3488 995 3547; x_wconf 90' lang='lat' dir='ltr'>contra</span> <span class='ocrx_word' id='word_1_244' title='bbox 1012 3483 1126 3564; x_wconf 88' lang='lat' dir='ltr'>quibus</span> <span class='ocrx_word' id='word_1_245' title='bbox 1140 3481 1286 3547; x_wconf 85' lang='lat' dir='ltr'>infensus</span> 
     </span>
     <span class='ocr_line' id='line_1_33' title="bbox 246 3587 1287 3670; baseline -0.005 -16"><span class='ocrx_word' id='word_1_246' title='bbox 246 3596 340 3670; x_wconf 88' lang='lat' dir='ltr'>esset,</span> <span class='ocrx_word' id='word_1_247' title='bbox 364 3596 450 3654; x_wconf 91' lang='lat' dir='ltr'>metu</span> <span class='ocrx_word' id='word_1_248' title='bbox 471 3609 511 3653; x_wconf 89' lang='lat' dir='ltr'>ac</span> <span class='ocrx_word' id='word_1_249' title='bbox 533 3588 678 3655; x_wconf 89' lang='lat' dir='ltr'>sordibus</span> <span class='ocrx_word' id='word_1_250' title='bbox 702 3587 973 3653; x_wconf 89' lang='lat' dir='ltr'>conflictabantur.</span> <span class='ocrx_word' id='word_1_251' title='bbox 1012 3606 1071 3651; x_wconf 89' lang='lat' dir='ltr'>nco</span> <span class='ocrx_word' id='word_1_252' title='bbox 1094 3606 1287 3668; x_wconf 90' lang='lat' dir='ltr'>quemquam</span> 
     </span>
     <span class='ocr_line' id='line_1_34' title="bbox 246 3689 1286 3777; baseline -0.003 -19"><span class='ocrx_word' id='word_1_253' title='bbox 246 3694 394 3777; x_wconf 90' lang='lat' dir='ltr'>exemplo</span> <span class='ocrx_word' id='word_1_254' title='bbox 415 3693 562 3758; x_wconf 87' lang='lat' dir='ltr'>adsumo:</span> <span class='ocrx_word' id='word_1_255' title='bbox 586 3699 725 3773; x_wconf 89' lang='lat' dir='ltr'>cunctos,</span> <span class='ocrx_word' id='word_1_256' title='bbox 749 3691 802 3773; x_wconf 91' lang='lat' dir='ltr'>qui</span> <span class='ocrx_word' id='word_1_257' title='bbox 818 3690 982 3756; x_wconf 89' lang='lat' dir='ltr'>novissimi</span> <span class='ocrx_word' id='word_1_258' title='bbox 999 3689 1120 3755; x_wconf 90' lang='lat' dir='ltr'>consilii</span> <span class='ocrx_word' id='word_1_259' title='bbox 1136 3696 1286 3774; x_wconf 89' lang='lat' dir='ltr'>expertes</span> 
     </span>
     <span class='ocr_line' id='line_1_35' title="bbox 244 3794 1287 3879; baseline -0.004 -17"><span class='ocrx_word' id='word_1_260' title='bbox 244 3797 372 3879; x_wconf 83' lang='lat' dir='ltr'>fuimus,</span> <span class='ocrx_word' id='word_1_261' title='bbox 397 3818 467 3864; x_wconf 89' lang='lat' dir='ltr'>meo</span> <span class='ocrx_word' id='word_1_262' title='bbox 490 3797 583 3862; x_wconf 89' lang='lat' dir='ltr'>unius</span> <span class='ocrx_word' id='word_1_263' title='bbox 606 3796 787 3863; x_wconf 86' lang='lat' dir='ltr'>discrimine</span> <span class='ocrx_word' id='word_1_264' title='bbox 810 3794 990 3860; x_wconf 87' lang='lat' dir='ltr'>defendam.</span> <span class='ocrx_word' id='word_1_265' title='bbox 1014 3815 1079 3859; x_wconf 93' lang='lat' dir='ltr'>non</span> <span class='ocrx_word' id='word_1_266' title='bbox 1100 3794 1185 3859; x_wconf 92' lang='lat' dir='ltr'>enim</span> <span class='ocrx_word' id='word_1_267' title='bbox 1200 3794 1287 3860; x_wconf 86' lang='lat' dir='ltr'>Seia-</span> 
     </span>
    </p>
   </div>
   <div class='ocr_carea' id='block_1_3' title="bbox 75 3898 1285 3990">
    <p class='ocr_par' dir='ltr' id='par_1_3' title="bbox 75 3898 1285 3990">
     <span class='ocr_line' id='line_1_36' title="bbox 75 3898 1285 3990; baseline -0.007 -20"><span class='ocrx_word' id='word_1_268' title='bbox 75 3922 86 3951; x_wconf 53' lang='grc' dir='ltr'>ι</span> <span class='ocrx_word' id='word_1_269' title='bbox 231 3923 312 3970; x_wconf 94' lang='lat' dir='ltr'>num</span> <span class='ocrx_word' id='word_1_270' title='bbox 341 3904 596 3990; x_wconf 87' lang='lat' dir='ltr'>Vulsiniensem,</span> <span class='ocrx_word' id='word_1_271' title='bbox 617 3908 669 3971; x_wconf 82' lang='lat' dir='ltr'>set</span> <span class='ocrx_word' id='word_1_272' title='bbox 690 3900 845 3970; x_wconf 72' lang='lat' dir='ltr'>Claudiae</span> <span class='ocrx_word' id='word_1_273' title='bbox 866 3898 1137 3964; x_wconf 82' lang='lat' dir='ltr'>etluliaedcmus</span> <span class='ocrx_word' id='word_1_274' title='bbox 1151 3904 1285 3980; x_wconf 88' lang='lat' dir='ltr'>partem,</span> 
     </span>
    </p>
   </div>
   <div class='ocr_carea' id='block_1_4' title="bbox 0 0 1384 4214">
    <p class='ocr_par' dir='ltr' id='par_1_4' title="bbox 0 0 1384 4214">
     <span class='ocr_line' id='line_1_37' title="bbox 0 0 1384 4214; baseline 0 0"><span class='ocrx_word' id='word_1_275' title='bbox 0 0 1384 4214; x_wconf 95' lang='lat' dir='ltr'> </span> 
     </span>
    </p>
   </div>
  </div>
 </body>
</html>
