2760 4214
505 155 685 214 abacos.
712 156 870 225 11111116.
1166 140 1207 206 57

164 329 360 395 internuntio
383 350 543 395 semones
567 350 752 395 commeare.
790 337 886 414 atque
908 332 1035 397 interim
1054 332 1209 398 Libonem

163 438 258 498 ornat
279 438 436 519 praetura,
460 434 658 498 convictibus
680 433 821 515 adhibet,
844 456 907 500 non
931 435 1019 500 vultu
1042 436 1208 518 alienatus,

167 556 232 601 non
255 537 361 602 verbis
385 537 580 603 commotior:
604 537 685 602 adeo
708 539 788 602 iram
811 538 1009 623 condiderat3
1034 546 1209 622 cunctaque

167 640 236 704 eius
259 639 344 704 dicta
365 639 523 722 factaque,
548 661 619 705 cum
641 641 809 725 prohibere
824 649 940 726 posset,
964 644 1044 707 scire
1060 643 1208 723 malebat,

164 742 270 809 donec
285 744 395 809 lunius
419 743 557 826 quidam,
581 752 754 830 temptatus
776 753 811 810 ut
832 746 974 812 infernas
997 748 1125 812 umbras
1146 767 1209 812 oar-

168 847 308 912 minibus
331 848 466 929 eliceret,
490 847 531 912 ad
547 849 726 914 Fulcinium
740 851 889 917 Tiionem
910 849 1063 915 indicium
1087 850 1207 916 detulit.

167 951 293 1016 celebre
315 951 396 1016 inter
418 958 619 1018 accusatores
642 954 770 1018 Trionis
791 954 955 1038 ingenium
979 961 1046 1018 erat
1068 954 1209 1019 avidum-

169 1075 231 1136 que
262 1055 366 1121 famae
396 1056 508 1120 malae.
547 1056 654 1120 statim
677 1058 804 1141 corripit
825 1079 924 1139 reum,
955 1058 1022 1123 adit
1053 1059 1208 1139 consules,

166 1159 404 1242 congnitionem
427 1166 557 1225 senatus
580 1161 690 1244 poscit.
730 1167 762 1225 et
784 1168 939 1226 vocantur
960 1168 1076 1245 patres,
1100 1161 1209 1226 addito

166 1263 412 1328 consultandum
434 1284 530 1348 super
551 1284 585 1329 16
608 1285 726 1348 magna
748 1272 779 1329 et
801 1266 909 1330 atroci.

258 1365 307 1432 29.
331 1367 411 1432 Libo
436 1368 567 1431 interim
597 1374 687 1433 veste
717 1376 838 1433 mutata
865 1390 937 1434 oum
958 1370 1147 1453 primoribus
1170 1374 1210 1433 le·
1238 1364 1370 1478 ,ζῑῐῑῑξῦῑῑῦῑ

167 1469 265 1534 minis
287 1471 450 1536 circumire
473 1469 593 1552 domos,
624 1492 713 1537 orare
743 1472 876 1553 adfines,
907 1493 1018 1538 vocem
1041 1473 1211 1537 adversum
1237 1444 1304 1555 11111
1316 1443 1367 1547 dd

167 1573 310 1656 pericula
331 1594 469 1657 poscere,
493 1575 707 1641 abnuentibus
730 1577 862 1657 cunctis,
887 1597 959 1641 cum
981 1576 1108 1641 diversa
1123 1596 1210 1660 prae·
1244 1572 1364 1626 tertuum.

170 1675 347 1758 tenderent,
371 1677 483 1743 eadem
506 1678 682 1744 formidine.
719 1679 770 1746 die
794 1687 922 1745 senatus
945 1686 1031 1746 metu
1054 1686 1086 1744 ct
1112 1679 1210 1763 aegri-

170 1781 281 1849 tudine
303 1782 416 1863 fessus,
440 1784 518 1864 sive,
542 1789 577 1847 ut
592 1783 750 1848 tradidere
766 1783 904 1867 quidam,
929 1783 1075 1848 simulato
1090 1783 1209 1863 morb0,

169 1885 283 1951 lectica
306 1885 429 1952 delatus
451 1886 493 1951 ad
515 1886 599 1952 fores
623 1889 728 1952 curiae
744 1889 929 1971 innisusque
944 1887 1034 1952 fratri
1051 1894 1082 1952 et
1097 1907 1210 1951 manus

169 2010 210 2054 ac
239 1991 397 2075 supplices
427 2011 522 2056 voces
552 1991 594 2055 ad
623 1992 785 2056 Tiberium
818 1990 954 2057 tendens
983 1993 1112 2056 immoto
1143 1991 1211 2055 eius

171 2093 261 2158 vultu
284 2095 448 2179 excipitur.
494 2115 569 2159 mox
592 2095 714 2160 libellos
738 2101 770 2160 et
792 2102 936 2161 auctores
959 2096 1070 2160 recitat
1093 2095 1212 2160 Caesar

171 2197 216 2261 ita
238 2198 414 2281 moderans,
438 2219 479 2264 ne
501 2199 600 2264 lenire
624 2220 706 2264 neve
729 2220 876 2284 asperare
893 2200 1025 2264 crimina
1040 2197 1210 2264 videretur.

258 2301 309 2366 30.
333 2303 542 2368 Accesserant
571 2310 698 2386 praetor
719 2304 868 2370 Trionem
891 2310 922 2368 61
945 2304 1059 2369 Catum
1086 2322 1212 2366 accusa·
1261 2298 1355 2413 33:¹21

172 2411 255 2471 tores
271 2407 423 2472 Fonteius
437 2408 580 2491 Agrippa
596 2413 627 2472 61
643 2408 677 2472 0.
692 2408 814 2488 Vibius,
838 2409 1065 2489 certabantque
1088 2405 1139 2470 cui
1161 2405 1212 2469 ius
1276 2437 1342 2491 pam

172 2511 342 2595 perorandi
364 2512 397 2575 in
420 2532 509 2576 reum
531 2510 670 2591 daretur,
702 2512 803 2576 donec
818 2511 940 2591 Vibius,
971 2511 1046 2593 quia
1069 2530 1128 2574 nec
1151 2509 1212 2592 ipsi
1260 2507 1359 2560 vernum

119 2600 122 2614 ’
172 2615 254 2680 inter
287 2635 321 2680 se
356 2615 565 2681 concederent
600 2622 631 2679 et
658 2615 738 2680 Libo
772 2615 840 2679 sine
875 2620 1007 2698 patrono
1041 2613 1211 2691 introisset,
1263 2577 1354 2620 mm·

172 2718 357 2802 singillatim
385 2739 419 2783 se
447 2719 579 2783 crimina
605 2719 801 2783 obiecturum
828 2717 998 2802 professus,
1022 2715 1157 2800 'protulit
1180 2713 1213 2778 li-

172 2822 271 2888 bellos
286 2822 459 2889 vaecordes
474 2822 564 2904 adeo,
587 2828 622 2886 ut
638 2821 863 2887 consultaverit
877 2821 967 2902 Libo,
991 2841 1033 2885 an
1048 2819 1213 2884 habiturus

173 2925 254 2991 foret
270 2947 356 3012 opes,
380 2928 450 3010 quis
473 2927 559 2992 viam
574 2926 713 3010 Appiam
728 2925 931 2990 Brundisium
954 2945 1053 3007 usque
1077 2923 1213 3009 pecunia

172 3031 317 3114 operiret.
356 3031 481 3095 inerant
511 3037 543 3095 et
572 3031 636 3094 alia
663 3028 794 3094 huiusce
816 3029 902 3094 modi
924 3028 1039 3095 stolida
1061 3048 1155 3108 vana,
1186 3027 1213 3092 si

173 3134 298 3198 mollius
321 3135 492 3218 acciperes,
523 3132 712 3199 miseranda.
751 3153 814 3197 uno
844 3139 952 3198 tamen
980 3133 1087 3198 libello
1117 3150 1214 3195 manu

173 3237 305 3302 Libonis
335 3238 515 3304 nominibus
539 3238 711 3303 Caesarum
726 3243 782 3300 aut
798 3242 979 3302 senatorum
993 3234 1119 3300 additas
1133 3240 1214 3298 atro-

173 3361 226 3406 ces
249 3343 301 3406 vcl
323 3342 462 3407 occultas
484 3348 576 3407 notas
604 3346 767 3406 accusator
789 3341 952 3423 arguebat.
999 3344 1137 3422 negante
1159 3357 1213 3402 reo

173 3446 406 3530 adgnoscentes
429 3467 538 3511 servos
560 3465 617 3531 per
640 3451 796 3510 tormenta
818 3443 1004 3527 interrogari
1027 3441 1153 3526 placuit.
1183 3446 1214 3505 et

175 3549 250 3632 quia
280 3555 388 3614 vetere
419 3555 548 3615 senatus
581 3549 722 3613 consulto
753 3547 897 3629 quaestio
919 3547 953 3610 in
976 3550 1072 3629 caput
1095 3544 1214 3609 domini

174 3652 409 3737 prohibebatur,
445 3652 576 3718 callidus
611 3658 642 3717 et
676 3652 751 3716 novi
783 3651 862 3714 iuris
895 3655 1037 3734 repertor
1069 3649 1215 3713 Tiberius

174 3756 349 3840 mancipari
373 3757 513 3840 singulos
535 3757 633 3820 actori
656 3755 782 3840 publico
804 3755 901 3835 iubet,
926 3754 1045 3819 scilicet
1068 3758 1102 3817 ut
1118 3752 1215 3816 111111-

174 3861 291 3926 bonem
314 3880 354 3925 ex
379 3861 479 3926 servis
502 3860 590 3926 salvo
614 3866 743 3926 senatus
767 3859 907 3926 consulto
931 3865 1151 3942 quaereretur.
1178 3857 1223 3920 ob
