2760 4214
36 765 117 818 &ciart

53 830 105 878 liter

11 903 50 948 rm
63 904 147 948 hamur

11 972 48 1017 tet
56 969 148 1026 phocis.

33 1699 126 1750 aunone

16 1769 54 1813 tet
67 1769 148 1814 barat.

29 2943 134 2988 tiberini

2 3013 161 3064 nlmmtltlneu

177 159 238 224 158
411 175 461 230 Ab
480 190 595 229 excessu
614 175 646 228 D.
660 175 785 245 Augusti
804 175 844 230 IV
864 178 975 233 64-68.

174 349 224 415 bis
246 350 387 433 elapsam
409 349 544 414 maiores
567 346 652 432 apud
674 348 787 413 aedem
810 349 920 413 matris
942 348 1037 413 deum
1054 369 1216 415 consecra-

174 452 267 517 visse.
291 460 419 518 sanctos
440 459 651 536 acceptosque
674 453 856 517 numinibus
873 452 1022 519 Claudios
1045 459 1077 518 et
1098 473 1216 538 augen-

174 555 248 620 dam
283 557 507 622 caerimoniam
538 557 615 636 loco,
649 557 683 620 in
717 577 779 639 quo
813 563 937 622 tantum
971 557 1005 621 in
1039 558 1217 642 principem

174 659 325 726 honorem
348 660 381 724 di
404 659 608 725 ostenderint.

261 765 312 828 65.
336 764 431 828 Haud
453 765 547 828 fuerit
562 764 735 829 absurdum
751 764 875 829 tradere
891 771 1032 830 montem
1048 785 1121 830 eum
1135 765 1216 829 anti-

175 868 280 951 quitus
311 867 603 951 Querquetulanum
637 875 846 952 cognomento
879 868 989 950 fuisse,
1025 868 1109 952 quod
1142 869 1216 934 talis

175 973 274 1038 silvae
297 972 448 1054 frequens
471 971 690 1054 fecundusque
713 980 790 1054 erat,
821 993 896 1037 mcx
921 973 1063 1039 Caelium
1084 973 1216 1057 appelli-

175 1083 274 1141 tatum
297 1097 317 1141 a
340 1077 436 1142 Caele
458 1078 616 1158 Vibenna,
647 1078 701 1159 qui
732 1076 798 1141 dux
827 1077 932 1161 gentis
961 1078 1113 1142 Etruscae
1144 1096 1217 1141 cum

174 1183 328 1247 auxilium
365 1183 498 1263 tulisset,
537 1182 645 1247 sedem
683 1203 753 1247 eam
790 1190 957 1266 acceperat
993 1203 1014 1246 a
1043 1181 1216 1263 Tarquinio

175 1287 291 1364 Prisco,
316 1307 372 1352 seu
395 1286 465 1369 quis
487 1287 568 1351 alius
590 1306 701 1368 regum
725 1285 826 1369 dedit,
850 1307 925 1350 nam
941 1287 1108 1369 scriptores
1127 1286 1160 1349 in
1178 1305 1216 1350 eo

175 1389 374 1455 dissentiunt.
400 1397 505 1456 cetera
526 1410 591 1454 non
613 1390 764 1473 ambigua
779 1396 862 1471 sunt,
886 1409 1021 1474 magnas
1037 1409 1092 1454 eas
1108 1389 1216 1472 copias

175 1515 233 1578 per
261 1495 358 1578 plana
388 1495 483 1559 etiam
513 1513 551 1557 ac
581 1493 648 1558 foro
678 1494 856 1577 propinqua
889 1493 1095 1573 habitavisse,
1130 1492 1216 1557 unde

175 1601 313 1664 Tuscum
336 1599 441 1663 vicum
465 1619 482 1662 e
505 1599 660 1663 vocabulo
683 1598 879 1662 advenarum
903 1598 1031 1663 dictum.

263 1703 313 1766 66.
338 1701 402 1768 Sed
425 1709 459 1767 ut
481 1702 587 1767 studia
608 1722 772 1786 procerum
796 1708 827 1767 et
848 1702 974 1786 largitio
995 1700 1149 1786 principis
1164 1699 1217 1764 ad-

175 1827 302 1871 versum
326 1826 418 1871 casus
441 1806 591 1870 solacium
613 1808 760 1886 tulerant,
791 1807 836 1870 ita
865 1811 1085 1871 accusatorum
1116 1805 1218 1870 maior

175 1912 209 1975 in
232 1910 300 1975 dies
324 1917 355 1974 et
377 1909 521 1974 infestior
544 1911 592 1975 vis
615 1910 683 1974 sine
706 1911 886 1975 levamento
908 1910 1130 1995 grassabatur3
1154 1930 1218 1975 cor-

175 2015 378 2098 ripueratque
401 2013 520 2077 Varum
544 2012 740 2094 Quintilium,
771 2013 903 2078 divitem
935 2020 966 2078 et
990 2014 1119 2080 Caesari
1149 2034 1217 2097 pro·

175 2118 340 2203 pinquum,
363 2117 522 2181 Domitius
543 2117 630 2196 Afer,
662 2115 813 2183 Claudiae
836 2117 991 2182 Pulchrae
1015 2117 1124 2182 matris
1147 2117 1216 2182 eius

177 2219 411 2301 condemnator,
446 2221 531 2284 nullo
566 2221 700 2285 mirante
735 2219 818 2302 quod
849 2220 904 2285 diu
934 2240 1033 2305 egens
1064 2227 1096 2285 ct
1125 2228 1216 2304 parto

176 2345 277 2407 nuper
299 2324 439 2408 praemio
462 2325 545 2388 male
569 2344 644 2389 usus
666 2324 757 2407 plura
779 2323 821 2388 ad
843 2323 967 2409 flagitia
981 2325 1216 2408 accingeretur:

175 2430 210 2493 P.
233 2429 433 2494 Dolabellam
457 2429 577 2493 socium
604 2428 772 2493 delationis
796 2429 940 2494 extitisse
963 2429 1113 2493 miraculo
1137 2434 1216 2509 crat,

177 2533 251 2615 quia
274 2534 366 2598 claris
389 2533 560 2597 maioribus
584 2538 616 2596 et
630 2533 714 2597 Varo
738 2553 879 2597 conexus
902 2553 992 2598 suam
1014 2534 1084 2616 ipse
1107 2531 1218 2596 nobili·

175 2643 284 2717 tatem,
316 2658 407 2702 suum
438 2637 626 2721 sanguinem
655 2636 813 2720 perditum
843 2637 919 2701 ibat.
965 2637 1080 2702 restitit
1107 2642 1217 2700 tamen

175 2748 305 2806 senatus
329 2749 360 2805 et
381 2738 608 2825 opperiendum
623 2740 847 2823 imperatorem
862 2741 994 2821 censuit,
1018 2739 1103 2822 quod
1118 2759 1218 2803 unum

176 2845 356 2927 urgentium
379 2844 531 2907 malorum
555 2843 725 2926 suffugium
748 2843 783 2907 in
803 2850 929 2928 tempus
953 2850 1029 2909 erat.

265 2948 316 3011 67.
344 2948 387 3011 At
410 2948 528 3012 Caesar
561 2945 715 3011 dedicatis
748 2967 805 3030 per
838 2948 1046 3031 Campaniam
1080 2946 1217 3030 templiS,

20 3082 148 3135 auratam
179 3072 370 3135 quamquam
394 3050 496 3116 edicto
519 3050 700 3131 monuisset,
732 3071 773 3115 nc
803 3052 873 3133 quis
903 3052 1041 3133 quietem
1073 3050 1141 3115 eius
1171 3050 1217 3114 in·

20 3151 59 3205 est
72 3151 147 3204 tosti.

21 3882 37 3936 l

178 3163 346 3239 rumperet,
385 3175 618 3236 concursusque
655 3154 886 3238 oppidanorum
923 3155 1078 3238 disposito
1116 3154 1217 3218 milite

177 3261 427 3345 prohiberentur,
455 3279 586 3343 perosus
608 3266 717 3322 tamen
740 3257 914 3341 municipia
936 3265 968 3323 et
991 3258 1131 3324 colonias
1154 3278 1217 3322 om-

176 3366 292 3446 niaque
314 3366 347 3429 in
370 3364 544 3429 continenti
568 3364 638 3444 sita,
663 3363 802 3446 Capreas
826 3382 859 3427 se
880 3363 913 3426 in
929 3362 1066 3427 insulam
1081 3359 1217 3442 abdidit,

176 3469 269 3534 trium
300 3469 421 3533 milium
451 3469 531 3533 freto
553 3469 594 3532 ab
626 3467 778 3532 extremis
801 3466 979 3532 Surrentini
1008 3465 1218 3549 promunturii

177 3573 359 3638 diiunctam.
388 3572 589 3638 solitudinem
605 3572 672 3637 eius
687 3571 845 3656 placuisse
861 3572 1000 3636 maxime
1017 3569 1217 3653 crediderim,

177 3678 326 3760 quoniam
348 3678 566 3760 inportuosum
590 3677 673 3740 circa
695 3696 782 3740 mare
798 3684 830 3740 et
845 3676 900 3741 vix
923 3676 1056 3742 modicis
1078 3676 1219 3758 navigiis

166 3802 276 3867 pauca
306 3780 463 3867 subsidia;
499 3801 601 3863 neque
632 3779 789 3863 adpulerit
824 3781 991 3863 quisquam
1025 3780 1087 3845 nisi
1116 3800 1220 3864 gnaro

157 3888 307 3957 custode.
352 3888 436 3957 caeli
470 3886 647 3977 temperies
674 3884 784 3951 lireme
813 3884 903 3948 mitis
933 3883 1059 3948 obiectu
1089 3883 1219 3966 montis,
