2760 4214
502 183 681 239 auerso.
708 182 867 251 pomer.
1143 166 1204 232 195

164 357 198 421 in
222 376 380 422 carcerem
403 356 510 422 fertur.
557 363 736 441 stuprorum
766 357 835 422 eius
864 356 1012 438 ministri,
1044 355 1206 423 Carsidius

165 461 321 528 Sacerdos
343 462 519 546 praetorius
540 467 576 526 ut
598 461 630 525 in
654 461 790 525 insulam
812 460 1042 545 deportaretur,
1073 461 1206 527 Pontius

166 565 372 650 Fregellanus
404 566 564 630 amitteret
597 564 740 630 ordinem
771 565 975 646 senatorium,
1011 572 1042 629 et
1073 565 1205 630 eaedem

165 689 289 754 poenae
318 670 352 733 in
378 671 522 735 Laelium
548 670 684 735 Balbum
716 670 937 752 decernuntur,
967 669 1001 734 id
1031 669 1159 752 quidem
1185 691 1206 734 a

165 773 368 858 laetantibus,
411 774 486 857 quia
522 774 642 840 Balbus
679 774 759 838 truci
796 773 977 856 eloquentia
1018 773 1205 848 habebatur,

165 884 330 962 promptus
352 878 521 945 adversum
542 880 693 944 insontes.

252 980 305 1046 49.
329 981 436 1048 Isdem
467 982 580 1049 diebus
611 983 686 1048 Sex.
717 983 869 1067 Papinius
899 983 1056 1048 consulari
1085 982 1208 1047 familia
1275 981 1324 1026 Μ
1379 1068 1380 1074 ¹

165 1085 365 1170 repentinum
389 1093 420 1151 et
441 1086 610 1151 informem
633 1087 754 1152 exitum
781 1085 910 1169 delegit,
941 1086 1026 1151 iacto
1055 1087 1089 1150 in
1119 1107 1207 1170 prae
1224 1050 1375 1166 ww

166 1210 242 1274 ceps
258 1211 397 1274 corpore.
429 1211 526 1256 causa
544 1190 587 1255 ad
606 1198 740 1255 matrem
755 1189 961 1271 referebatur,
986 1209 1068 1271 quae
1084 1190 1206 1274 pridem
1245 1189 1357 1243 ³²¹2¹¹¹¹¹¹t

165 1293 333 1379 repudiata
355 1294 629 1360 adsentationibus
649 1283 745 1377 atque
761 1296 838 1359 luxu
853 1295 1044 1379 perpulisset
1059 1295 1207 1359 iuvenem
1258 1259 1349 1375 iffi,

167 1397 209 1463 ad
225 1418 273 1480 ea,
296 1419 429 1481 quorum
452 1399 605 1484 effugium
627 1399 776 1465 nonnisi
800 1405 899 1463 morte
919 1399 1086 1464 inveniret.
1110 1399 1207 1483 igitur

166 1509 317 1568 accusata
328 1503 361 1567 in
373 1511 495 1585 senatu,
514 1524 707 1586 quamquam
721 1523 828 1588 genua
842 1510 967 1586 patrum
983 1501 1208 1569 advolveretur

166 1607 348 1690 luctumque
382 1628 581 1674 communem
615 1614 648 1674 et
681 1608 783 1692 magis
813 1608 995 1672 inbecillum
1026 1607 1081 1671 tali
1113 1627 1208 1690 super

167 1730 242 1776 casu
276 1711 465 1776 feminarum
497 1713 640 1776 animum
672 1712 799 1794 aliaque
830 1712 864 1775 in
899 1709 1035 1777 eundem
1069 1710 1208 1776 dolorem

165 1822 288 1882 maesta
311 1823 343 1881 et
365 1816 547 1882 miseranda
569 1816 623 1882 diu
650 1816 756 1898 ferret,
788 1809 866 1882 urbe
895 1823 1001 1880 tamen
1031 1816 1066 1879 in
1095 1814 1207 1880 decem

165 1940 267 1986 annos
288 1920 448 2005 prohibita
471 1927 529 2003 est,
560 1921 661 1986 donee
688 1922 790 1986 minor
812 1921 896 1986 filius
917 1920 1074 1985 lubricum
1100 1920 1207 1984 iuven-

165 2032 217 2089 tae
240 2025 352 2090 exiret.

252 2128 304 2192 50.
328 2130 397 2193 Iam
420 2129 582 2194 Tiberium
606 2150 729 2214 corpus,
761 2129 825 2193 iam
855 2129 949 2210 vires,
981 2127 1123 2193 nondum
1146 2127 1207 2194 dis·
1277 2128 1325 2173 ἴω

165 2231 322 2297 simulatio
345 2232 527 2298 deserebat:
551 2233 636 2298 idem
660 2232 758 2298 animi
781 2234 879 2318 rigor3
904 2254 1049 2299 sermone
1065 2254 1102 2298 ac
1117 2234 1207 2297 vultu
1226 2196 1372 2242 'mm'

166 2336 307 2401 intentus
331 2337 474 2418 quaesita
496 2337 655 2401 interdurn
677 2337 825 2402 comitate
841 2337 988 2419 quamvis
1004 2336 1206 2402 manifestam

166 2439 378 2505 defectionem
401 2441 540 2524 tegebat.
586 2442 780 2524 mutatisque
811 2442 938 2525 saepius
968 2441 1046 2506 locis
1076 2440 1207 2505 tandem

167 2543 253 2628 apud
275 2546 526 2628 promunturium
549 2545 663 2611 Miseni
686 2545 829 2610 consedit
851 2545 884 2609 in
906 2545 992 2625 villa,
1016 2545 1067 2608 cui
1089 2546 1124 2609 L.
1148 2546 1208 2609 Lu-

168 2648 268 2713 cullus
291 2646 451 2730 quondam
473 2649 628 2714 dominus.
652 2649 717 2714 illio
740 2669 812 2714 eum
831 2637 1086 2732 adpropinquare
1102 2668 1207 2732 supre-

168 2752 228 2817 mis
250 2752 306 2816 tali
330 2752 422 2817 modo
445 2760 647 2837 compertum.
695 2761 764 2818 erat
794 2751 936 2817 medicus
962 2758 1030 2817 arte
1060 2751 1206 2836 insignis,

167 2855 295 2921 nomine
319 2855 490 2937 Charicles,
521 2877 584 2921 non
615 2855 745 2938 quidem
767 2877 878 2940 regere
901 2855 1103 2921 valetudines
1125 2856 1207 2940 prin-

168 2959 247 3043 cipis
277 2959 398 3041 solitus,
430 2960 553 3025 consilii
575 2965 683 3024 tamen
707 2960 830 3045 copiam
853 2960 1016 3044 praebere.
1062 2960 1091 3025 is
1121 2961 1208 3025 velut

167 3063 296 3149 propria
329 3063 372 3127 ad
401 3065 531 3148 negotia
564 3064 747 3148 digrediens
781 3072 813 3129 et
847 3085 905 3148 per
938 3064 1077 3149 speciem
1111 3063 1208 3129 oflicii

168 3189 297 3233 manum
313 3170 499 3253 complexus
513 3169 638 3253 pulsum
653 3188 806 3233 venarum
818 3168 934 3251 attigit.
959 3188 1063 3250 neque
1078 3167 1206 3232 fefellit:

167 3293 243 3337 nam
257 3273 413 3354 liberius,
437 3273 591 3337 incertum
614 3293 656 3336 an
680 3273 820 3337 offensus
843 3278 994 3354 tantoque
1010 3272 1112 3355 magis
1128 3271 1207 3335 iram

168 3396 326 3459 premens,
350 3376 519 3441 instaurari
542 3375 651 3460 epulas
673 3376 762 3441 iubet
785 3374 1017 3457 discumbitque
1040 3374 1123 3438 ultra
1138 3373 1207 3439 soli·

168 3486 245 3560 tum,
277 3481 367 3562 quasi
397 3480 509 3545 honori
535 3479 684 3544 abeuntis
714 3479 808 3544 amici
838 3479 999 3543 tribueret.
1046 3478 1207 3543 Charicles

168 3590 275 3648 tamen
297 3583 363 3648 labi
386 3583 531 3668 spiritum
546 3603 606 3648 nec
620 3582 702 3647 ultra
717 3582 850 3647 biduum
866 3581 1050 3646 duraturum
1067 3581 1206 3646 Macroni

168 3687 315 3752 firmavit.
339 3686 415 3752 inde
439 3695 552 3752 cuncta
575 3687 749 3769 conloquiis
768 3687 851 3750 inter
869 3691 1064 3771 praesentes,
1087 3684 1207 3748 nuntiis

168 3790 255 3876 apud
277 3792 400 3876 legatos
424 3798 456 3857 et
480 3792 637 3857 exereitus
660 3790 903 3856 festinabantur.
933 3789 1103 3874 septimum
1126 3787 1207 3853 deoi-

168 3917 256 3961 mum
267 3896 331 3960 kal.
344 3896 463 3980 Aprilis
473 3897 645 3961 interclusa
656 3895 765 3961 anima
776 3893 919 3961 creditus
929 3900 981 3960 est
986 3892 1226 3960 mortalitatem

1081 3996 1132 4046 xe*
