2760 4214
237 111 297 174 184
474 127 522 181 Ab
540 142 656 181 excessu
674 127 707 181 D.
720 127 846 196 Augusti
858 127 899 182 Vl
919 130 1032 183 29—32.

232 301 402 365 conterrita
423 321 533 381 uxore,
557 322 651 383 quam
676 302 735 366 etsi
758 308 924 367 nocentem
947 301 1078 385 periculi
1098 307 1206 366 tamen
1220 322 1277 366 ex-

232 411 353 488 pertem
383 405 491 469 fuisse.
530 405 706 470 Mamercus
734 404 808 470 dein
831 405 968 470 Scaurus
990 425 1113 470 rursum
1136 405 1276 488 postula-

232 515 290 590 tur,
315 508 450 592 insignis
474 509 638 574 nobilitate
662 515 693 573 et
715 509 843 574 orandis
867 509 980 588 causis
1004 509 1071 574 vita
1090 508 1273 592 probrosus.

232 611 310 675 nihil
344 612 429 677 hunc
462 614 601 676 amicitia
631 613 749 693 Seiani,
784 612 841 677 sed
871 612 1020 677 labefecit
1050 611 1137 676 haud
1165 613 1275 676 minus

231 714 371 778 validum
402 715 444 779 ad
474 717 572 781 exitia
603 717 759 781 Macronis
790 716 906 797 odium,
942 717 996 799 qui
1027 715 1157 781 easdem
1185 722 1274 781 artes

231 819 383 884 occultius
407 821 591 904 exercebat3
615 820 833 902 detuleratque
849 827 1071 905 argumentum
1086 819 1274 903 tragoediae

231 943 251 986 a
281 923 398 988 Scauro
432 924 578 1008 scriptae,
613 924 730 989 additis
763 925 918 1006 versibus,
954 925 1008 1007 qui
1042 926 1076 989 in
1106 924 1274 989 Tiberium

231 1025 444 1092 flecterentur:
469 1049 578 1093 verum
602 1030 643 1093 ab
660 1030 793 1095 Servilio
817 1036 849 1094 ct
865 1029 1011 1095 Cornelio
1034 1027 1275 1093 accusatoribus

232 1129 419 1195 adulterium
431 1132 551 1213 Liviae,
568 1154 731 1216 magorum
744 1155 834 1198 sacra
849 1134 1098 1199 oblectabantur.
1122 1131 1274 1213 Scaurus

232 1241 266 1298 ut
289 1234 419 1319 dignum
442 1238 601 1301 veteribus
624 1238 776 1318 Aemiliis,
801 1238 1036 1304 damnationem
1059 1236 1180 1318 anteiit,
1204 1236 1275 1301 hor-

232 1345 320 1404 tante
343 1339 454 1405 Scxtia
485 1361 591 1422 uxore,
624 1361 706 1422 quae
729 1341 967 1406 incitamentum
991 1341 1099 1406 mortis
1123 1346 1155 1405 et
1177 1340 1275 1423 parti-

233 1463 307 1526 ceps
330 1444 398 1508 fuit.

72 1539 200 1662 ”ww
319 1547 369 1611 30.
394 1549 441 1613 Ac
464 1555 570 1613 tamen
586 1556 796 1630 accusatores,
820 1550 847 1614 si
862 1549 998 1614 facultas
1013 1548 1177 1629 incideret,
1200 1568 1275 1631 poe-

80 1678 192 1732 annam
232 1650 282 1714 nis
297 1649 537 1734 adiciebantur,
553 1659 588 1717 ut
604 1653 757 1719 Servilius
774 1653 999 1735 Corneliusque
1015 1651 1139 1737 perdito
1152 1652 1275 1717 Scauro

80 1762 188 1817 &tutto
233 1752 357 1835 famosi,
385 1757 459 1836 quia
481 1757 650 1840 pecuniam
673 1777 693 1820 a
714 1757 809 1820 Vario
832 1757 948 1839 Ligure
972 1755 1165 1819 omittendae
1189 1754 1276 1819 dela-

67 1835 205 1950 OEwffffm,
233 1856 327 1923 tionis
362 1865 520 1941 ceperant,
555 1859 588 1922 in
618 1859 737 1923 insulas
768 1858 935 1924 interdicto
965 1859 1032 1943 igni
1062 1864 1157 1941 atque
1187 1878 1276 1939 aqua

233 1960 350 2026 demoti
380 1968 462 2026 sunt.
509 1968 541 2027 et
563 1962 707 2027 Abudius
729 1964 815 2028 Ruso
838 1962 965 2027 functus
992 1961 1163 2042 aedilitate,
1194 1960 1274 2026 dum

232 2065 364 2129 Lentulo
382 2065 636 2147 Gaetulicoffsub
660 2088 721 2150 quo
744 2067 860 2150 legioni
884 2065 1074 2150 praefuerat,
1097 2066 1274 2150 periculum

232 2169 371 2249 facessit,
396 2169 478 2251 quod
496 2171 523 2234 is
539 2171 646 2236 Seiani
668 2171 768 2235 filium
790 2191 943 2254 generum
967 2169 1166 2250 destinasset,
1191 2170 1273 2235 ultro

233 2273 399 2338 damnatur
421 2281 517 2357 atque
539 2276 617 2340 urbe
640 2277 786 2360 exigitur.
815 2275 998 2340 Gaetulicus
1021 2295 1060 2339 ea
1082 2280 1273 2358 tempestate

232 2379 401 2462 superioris
417 2379 606 2444 Germaniae
622 2380 764 2465 legiones
781 2382 912 2445 curabat
935 2380 1112 2461 mirumque
1132 2397 1273 2443 amorem

231 2481 400 2548 adsecutus
416 2490 492 2564 erat,
517 2484 637 2548 effusae
660 2484 857 2563 elementiae,
881 2482 1025 2549 modicus
1048 2481 1217 2546 severitate
1242 2487 1274 2546 et

231 2587 375 2670 proximo
398 2608 522 2670 quoque
546 2587 699 2651 exercitui
719 2608 776 2671 per
791 2587 826 2650 L.
843 2587 1018 2670 Apronium
1041 2605 1184 2650 socerum
1207 2605 1272 2650 non

231 2690 382 2774 ingratus.
407 2690 491 2755 unde
506 2691 594 2754 fama
609 2698 757 2755 constans
773 2710 886 2754 ausum
902 2689 1026 2753 mittere
1042 2688 1084 2752 ad
1101 2690 1272 2754 Caesarem

231 2794 362 2875 litteras,
392 2794 591 2859 adfinitatem
622 2794 682 2859 sibi
706 2815 777 2858 eum
800 2793 916 2858 Seiano
949 2791 1034 2856 haud
1061 2797 1183 2875 sponte,
1214 2790 1273 2856 sed

233 2899 363 2963 consilio
378 2899 496 2963 Tiberii
521 2905 678 2983 coeptam3
703 2897 835 2982 perinde
858 2917 892 2962 sc
916 2917 1011 2979 quam
1026 2895 1189 2961 Tiberium
1204 2893 1274 2959 falli

233 3002 383 3085 potuisse,
414 3021 517 3083 neque
548 3023 685 3067 errorem
716 3001 850 3067 eundem
879 3001 924 3065 illi
952 3001 1020 3064 sine
1048 2998 1170 3079 fraude,
1200 2999 1274 3064 aliis

234 3105 331 3169 exitio
361 3103 552 3169 habendum.
599 3107 661 3170 sibi
687 3105 781 3170 fidem
808 3105 966 3186 integram
990 3109 1031 3184 et,
1062 3104 1089 3167 si
1112 3102 1206 3167 nullis
1229 3103 1274 3167 in-

233 3209 323 3275 sidiis
338 3215 504 3292 peteretur,
529 3230 723 3274 mansuram:
748 3228 961 3274 successorem
984 3227 1048 3271 non
1070 3207 1162 3271 aliter
1178 3227 1273 3289 quam

233 3312 385 3377 indicium
409 3314 517 3378 mortis
540 3321 752 3397 accepturum.
777 3312 939 3376 firmarent
962 3312 1050 3377 velut
1064 3311 1186 3391 foedus,
1211 3330 1273 3392 quo

233 3417 381 3502 prinecps
404 3423 578 3482 ceterarum
601 3438 705 3482 rerum
725 3423 892 3501 poteretur,
916 3417 985 3500 ipse
1007 3414 1205 3500 provinciam
1228 3434 1274 3479 rc-

233 3520 356 3586 tineret.
388 3521 478 3602 haec,
510 3522 589 3585 mira
613 3541 814 3603 quamquam,
845 3520 940 3584 fidem
965 3539 1005 3583 cx
1029 3539 1066 3584 eo
1092 3518 1273 3600 trahebant,

234 3624 318 3707 quod
344 3645 426 3689 unus
454 3626 593 3689 omnium
617 3625 724 3691 Seiani
747 3624 899 3688 adfinium
922 3623 1088 3688 incolumis
1111 3623 1274 3704 multaque

233 3730 335 3813 gratia
364 3730 490 3811 mansit,
521 3737 687 3814 reputante
713 3729 840 3794 Tiberio
871 3729 1032 3813 publicum
1063 3727 1124 3792 sibi
1154 3726 1273 3807 odium,

232 3839 408 3898 extremam
424 3839 564 3899 aetatem
579 3834 744 3920 magisque
759 3833 846 3898 fama
862 3853 957 3916 quam
973 3832 1006 3898 vi
1022 3837 1105 3897 stare
1120 3851 1171 3896 res
1186 3850 1271 3896 suas.
