2760 4214
502 199 683 256 1111111.
710 215 737 268 p.
750 198 814 254 chr.
827 201 868 255 33.
1140 181 1201 246 179

250 374 323 438 Non
351 373 508 438 omiserim
536 373 737 457 praesagium
760 373 879 438 Tiberii
902 372 943 437 de
966 373 1076 439 Servio
1100 372 1202 437 Galba
1221 370 1376 484 &Quid

164 482 231 541 tum
254 476 395 560 consule;
428 497 522 559 quem
544 477 681 541 accitum
704 483 736 540 et
758 476 892 542 diversis
916 475 1113 542 sermonibus
1135 496 1202 560 per·
1227 449 1368 554 11111ζῖῃὼ

164 585 353 664 temptatum
369 586 540 664 ,postremo
564 580 695 645 Graecis
722 580 828 644 verbis
852 581 885 643 in
906 578 991 644 hanc
1014 580 1203 644 sententiam

164 682 330 749 adlocutus
354 689 414 747 est:
446 676 489 747 ‘et
519 690 562 765 tu,
594 683 706 765 Galba,
731 683 921 765 quandoque
943 683 1129 767 degustabis
1150 684 1205 747 im-

167 781 311 872 perium,'
335 807 438 852 seram
458 807 496 851 ac
516 789 647 854 brevem
662 788 838 872 potentiam
854 788 1048 871 significans,
1073 788 1206 853 scientia

166 889 397 956 Chaldaeorum
411 891 498 971 artis,
522 891 611 957 ouius
625 891 818 975 apiscendae
834 893 931 956 otium
947 891 1033 977 apud
1048 891 1205 973 Rhodum,

166 994 352 1077 magistrum
373 994 575 1059 Thrasullum
597 994 718 1078 habuit,
749 995 895 1079 peritiam
926 995 993 1060 cius
1024 995 1085 1060 hoc
1112 994 1206 1060 modo

166 1103 324 1181 expertus.

254 1200 305 1264 21.
331 1198 486 1276 Quotiens
516 1220 611 1284 super
642 1199 698 1264 tali
729 1201 858 1284 negotio
890 1201 1090 1283 consultaret,
1121 1201 1207 1266 edita
1245 1197 1324 1311 ἡ*

169 1303 282 1368 domus
304 1309 394 1387 parte
416 1325 455 1369 ac
476 1304 582 1369 liberti
605 1304 698 1368 unius
722 1303 916 1370 conscientia
939 1305 1094 1370 utebatur.
1119 1305 1147 1370 is
1161 1305 1208 1368 lit·
1235 1266 1370 1388 edm,

169 1413 307 1471 terarum
337 1406 476 1491 ignarus,
508 1427 638 1491 corpore
669 1407 785 1489 valido,
816 1428 873 1491 per
902 1409 976 1472 avia
1007 1429 1045 1473 ac
1075 1407 1209 1491 derupta

170 1509 259 1597 (nam
282 1511 370 1575 saxis
392 1510 504 1576 domus
527 1509 684 1596 imminet)
715 1510 861 1595 praeibat
884 1532 966 1592 eum,
998 1511 1086 1576 euius
1108 1518 1209 1577 artem

169 1613 307 1698 experiri
329 1615 475 1680 Tiberius
498 1615 670 1695 statuisset,
694 1621 726 1680 et
749 1614 991 1700 regredientem,
1016 1616 1043 1680 si
1058 1616 1209 1680 vanitatis

168 1724 225 1782 aut
246 1718 393 1782 fraudum
417 1718 555 1802 suspicio
570 1717 753 1800 incesserat,
777 1720 810 1782 in
827 1719 1003 1784 subiectum
1018 1739 1106 1783 mare
1122 1738 1210 1802 prae·

170 1820 331 1905 cipitabat,
366 1841 406 1886 ne
428 1821 527 1886 index
550 1822 659 1886 arcani
683 1823 860 1887 exsisteret.
907 1822 1003 1905 igitur
1024 1821 1210 1886 Thrasullus

171 1924 273 1989 isdem
301 1925 431 2009 rupibus
453 1924 602 1989 inductus
624 1931 792 2009 postquam
814 1931 1053 2008 percontantem
1077 1945 1211 1990 commo·

171 2036 270 2109 verat,
294 2028 461 2113 imperium
483 2028 545 2113 ipsi
565 2035 596 2093 et
611 2028 717 2093 futura
732 2029 873 2093 sollerter
889 2029 1094 2112 patefaciens,
1118 2029 1210 2093 inter·

170 2138 299 2216 rogatur
320 2153 363 2197 an
386 2152 475 2197 suam
499 2152 624 2214 quoque
651 2132 823 2216 genitalem
854 2131 965 2196 horam
995 2132 1210 2217 comperisset,

172 2255 266 2317 quem
296 2241 363 2300 tum
392 2256 522 2316 annum,
554 2236 679 2317 qualem
706 2235 791 2299 diem
821 2235 961 2301 haberet.
1008 2235 1060 2300 ille
1090 2236 1211 2320 positus

172 2339 311 2404 siderum
334 2359 372 2403 ac
395 2338 498 2422 spatia
521 2337 685 2404 dimensus
706 2338 839 2404 haerere
868 2339 980 2423 primo,
1011 2338 1085 2403 dein
1116 2359 1211 2423 pave-

171 2463 269 2523 scere,
294 2449 325 2507 11
348 2449 500 2524 quantum
523 2442 751 2526 introspiceret,
775 2442 878 2526 magis
897 2462 936 2506 ac
951 2442 1053 2525 magis
1069 2441 1211 2526 trepidus

171 2544 389 2611 admirationis
412 2553 443 2611 et
466 2551 579 2627 metus,
602 2552 761 2629 postremo
777 2546 935 2610 exclamat
950 2545 1135 2628 ambiguum
1150 2545 1211 2610 sibi

173 2669 213 2714 ac
234 2669 333 2734 prope
356 2649 500 2713 ultimum
521 2648 690 2713 discrimen
705 2650 832 2713 instare.
857 2654 923 2712 tum
939 2648 1123 2731 complexus
1139 2668 1211 2712 eum

172 2753 318 2818 Tiberius
341 2752 519 2836 praescium
541 2753 751 2836 periculorum
771 2758 802 2816 et
822 2752 1011 2816 incolumem
1027 2750 1211 2835 111111111-

172 2863 232 2937 tur,
264 2875 409 2938 quaeque
436 2855 561 2919 dixerat
583 2855 680 2920 oracli
702 2855 773 2919 vice
795 2855 956 2939 accipiens
978 2854 1061 2919 inter
1078 2855 1212 2920 intimos

171 2960 345 3025 amicorum
367 2965 463 3023 tenet.

260 3064 311 3128 22.
336 3063 400 3129 Sed
422 3063 499 3127 mihi
522 3062 602 3128 haec
624 3063 762 3127 actalia
791 3061 934 3126 audienti
960 3061 994 3126 in
1021 3063 1141 3127 incerto
1168 3061 1212 3126 iu·
1230 3059 1352 3172 &52¹¹ss

173 3166 292 3232 dicium
323 3174 380 3248 est,
413 3166 520 3231 fatone
543 3186 593 3230 res
616 3166 794 3230 mortalium
822 3172 854 3230 et
883 3165 1073 3230 necessitate
1103 3127 1376 3249 1111111331ῐαῖ

173 3272 263 3336 tabili
285 3292 327 3335 an
350 3269 431 3334 forte
453 3270 638 3334 volvantur
656 3269 772 3352 quippe
796 3268 1046 3353 sapientissimos
1069 3274 1211 3333 veterum

175 3375 292 3457 quique
315 3380 433 3439 sectam
457 3393 565 3438 eorum
595 3372 795 3437 aemulantur
824 3370 966 3436 diversos
995 3371 1143 3455 reperies,
1174 3391 1213 3435 ac

175 3479 281 3543 multis
303 3478 431 3542 insitam
453 3476 636 3560 opinionem
659 3495 723 3540 non
752 3474 844 3539 initia
873 3474 981 3555 nostri,
1013 3493 1076 3538 non
1106 3473 1211 3554 finem,

175 3602 239 3646 non
262 3580 400 3663 denique
422 3578 568 3646 homines
590 3578 640 3644 dis
663 3598 772 3662 curae,
805 3577 878 3642 ideo
902 3577 1089 3641 creberrime
1112 3575 1213 3640 tristia

175 3684 209 3748 in
233 3684 342 3764 bonos,
365 3684 449 3748 laeta
471 3681 557 3766 apud
580 3681 751 3746 deteriores
775 3700 854 3746 esse.
901 3685 1010 3745 eontra
1036 3678 1090 3742 alii
1113 3678 1213 3742 fatum

177 3786 306 3869 quidem
328 3806 500 3871 congruere
523 3786 619 3850 rebus
640 3791 763 3869 putant,
788 3783 844 3848 sed
866 3804 930 3848 non
953 3802 971 3847 e
993 3782 1086 3865 vagis
1105 3782 1213 3863 stellis,

176 3910 287 3956 verum
317 3890 402 3974 apud
432 3889 588 3975 principia
619 3895 650 3954 11
680 3907 784 3955 nexus
812 3887 1013 3954 naturalium
1039 3904 1236 3960 causarum,

1089 3985 1142 4035 nn
