2760 4214
501 217 526 255 a.
539 201 572 256 o.
586 216 610 255 e.
624 204 682 258 rso.
710 218 736 269 p.
750 200 813 256 chr.
828 169 868 258 ro.
1149 185 1201 248 47

165 381 200 441 et
229 375 294 439 lato
323 381 421 457 utero,
452 396 514 458 quo
541 375 666 440 facilius
692 373 806 441 fluctus
833 375 1016 462 tolerarent,
1030 380 1033 386 “
1047 375 1204 459 quaedam

168 479 284 564 planae
312 479 437 560 carinis,
468 485 503 543 ut
530 480 598 544 sine
625 500 711 544 noxa
733 479 885 564 siderent;
916 481 1021 564 plures
1050 479 1204 564 adpositis

166 583 324 665 utrimque
339 583 569 667 gubernaculis,
594 603 745 649 converso
768 591 803 648 ut
825 590 955 667 repente
979 584 1110 668 remigio
1129 583 1205 647 hinc

165 688 220 752 vel
253 687 340 751 illinc
372 687 582 772 adpellerent;
617 688 734 753 multae
767 688 916 772 pontibus
950 695 1076 770 stratae,
1111 707 1205 772 super

168 811 248 874 quas
264 797 421 881 tormenta
435 791 635 874 veherentur,
659 792 751 857 simul
771 799 865 877 aptae
885 792 1025 858 ferendis
1045 793 1135 876 equis
1150 798 1205 857 aut

166 896 371 979 commeatui,
400 895 479 960 velis
502 895 633 977 habiles,
658 895 738 960 citae
761 896 856 961 remis
878 899 1077 980 augebantur
1098 896 1205 960 alacri-

165 1005 234 1064 tate
258 999 391 1063 militum
413 1000 447 1063 in
470 999 607 1083 speciem
631 1019 669 1063 ac
692 1005 850 1065 terrorem.
889 1001 993 1065 insula
1015 1003 1206 1065 Batavorum

167 1102 203 1167 in
230 1123 324 1185 quam
352 1104 558 1168 convenirent
584 1103 756 1188 praedicta,
787 1106 827 1169 ob
850 1104 960 1170 faciles
983 1104 1134 1189 adpulsus
1157 1124 1206 1168 ac-

166 1205 387 1291 cipiendisque
415 1207 513 1291 copiis
540 1213 572 1272 et
594 1208 870 1273 transmittendum
893 1208 934 1272 ad
958 1209 1073 1274 bellum
1097 1228 1206 1292 oppor-

165 1317 256 1375 tuna.
296 1332 371 1375 nam
399 1311 531 1377 Rhenus
563 1332 626 1377 uno
660 1312 751 1377 alveo
786 1313 951 1378 continuus
981 1319 1036 1377 aut
1066 1312 1206 1377 modicas

165 1416 289 1481 insulas
311 1417 561 1481 circumveniens
584 1417 670 1501 apud
692 1418 880 1501 principium
902 1418 971 1501 agri
986 1417 1100 1483 Batavi
1120 1419 1207 1483 velut

167 1520 203 1584 in
227 1518 306 1585 duos
328 1541 438 1585 amnes
461 1520 621 1601 dividitur,
646 1530 814 1604 servatque
837 1543 952 1590 nomen
972 1528 1004 1586 et
1023 1522 1206 1586 violentiam

169 1644 292 1706 cursus,
323 1645 386 1707 qua
408 1626 612 1690 Germaniam
635 1626 848 1711 praeuehitur,
879 1626 980 1691 donec
1002 1627 1129 1692 Oceano
1152 1628 1207 1690 mi·

166 1735 308 1794 secatur:
338 1730 381 1794 ad
404 1730 557 1794 Gallicam
584 1731 686 1814 ripam
712 1731 804 1796 latior
831 1738 863 1795 et
888 1731 1041 1816 placidior
1063 1730 1206 1796 adfluens

168 1854 266 1898 verso
297 1840 505 1917 cognomento
540 1833 706 1920 (Vahalem
740 1836 865 1899 accolae
900 1834 1031 1918 dicunt),
1066 1855 1140 1899 mox
1173 1834 1207 1898 id

168 1957 295 2020 quoque
318 1938 507 2002 vocabulum
530 1944 632 2002 mutat
646 1939 735 2002 Mosa
756 1937 885 2003 flumine
909 1939 1039 2022 eiusque
1061 1939 1206 2004 inmenso

167 2060 223 2106 ore
246 2041 382 2106 eundem
404 2041 437 2105 in
461 2042 623 2107 Oceanum
647 2041 827 2107 effunditur.

258 2145 286 2210 7.
311 2145 374 2211 Sed
390 2147 517 2227 Caesar,
538 2145 614 2210 dum
629 2146 800 2230 adiguntur
814 2167 924 2228 naves,
941 2147 1052 2214 Silium
1067 2147 1208 2230 legatum
1244 2149 1325 2202 usuras
1339 2149 1362 2193 ¹¹¹

168 2270 244 2314 cum
266 2249 417 2334 expedita
439 2271 535 2315 manu
555 2251 765 2336 inruptionem
787 2251 820 2314 in
837 2251 968 2317 Chattos
984 2251 1089 2316 faeere
1105 2253 1207 2316 iubet:
1227 2219 1357 2340 ⁰⁰33?ss

168 2354 240 2438 ipse
263 2354 370 2419 audito
394 2355 557 2419 castellum
572 2355 693 2439 Lupiae
715 2354 837 2419 flumini
860 2355 1039 2440 adpositum
1059 2355 1207 2437 obsideri,

169 2477 231 2522 sex
263 2458 404 2542 legiones
435 2479 473 2524 eo
503 2458 604 2523 duxit.
643 2459 745 2542 neque
773 2459 849 2525 Silio
877 2461 917 2524 oh
945 2461 1064 2525 subitos
1090 2460 1208 2524 imbres

168 2561 258 2625 aliud
280 2567 384 2626 actum
407 2582 502 2644 quam
524 2569 559 2626 ut
578 2562 735 2627 modicam
750 2562 901 2647 praedam
917 2568 949 2628 et
963 2563 1041 2646 Arpi
1056 2563 1208 2646 principis

173 2665 358 2732 Chattorum
390 2667 556 2751 coniugem
586 2667 747 2749 filiamque
778 2673 912 2752 raperet,
946 2688 1049 2749 neque
1081 2668 1208 2732 Caesari

170 2772 296 2855 copiam
311 2793 437 2856 pugnae
453 2773 634 2837 obsessores
649 2772 763 2854 fecere,
779 2772 821 2837 ad
836 2772 954 2836 samam
969 2771 1125 2838 adventus
1141 2774 1209 2837 eius

170 2874 301 2959 dilapsi:
318 2877 471 2940 tumulum
483 2883 590 2942 tamen
603 2898 704 2961 nuper
712 2878 858 2942 Varianis
869 2877 1046 2961 legionibus
1058 2883 1209 2942 structum

172 2985 206 3044 ct
228 2986 367 3045 veterem
389 3001 477 3045 aram
493 2981 597 3046 Druso
618 2982 710 3046 sitam
734 2981 932 3048 disiecerant.
964 2982 1100 3047 restituit
1121 3002 1209 3046 aram

173 3083 346 3167 honorique
369 3085 468 3168 patris
491 3085 639 3170 princeps
654 3087 723 3170 ipse
740 3107 810 3150 cum
824 3086 1003 3170 legionibus
1018 3085 1208 3170 decucurrit3

171 3189 329 3252 tumulum
352 3188 466 3254 iterare
490 3188 575 3252 haud
599 3190 711 3254 visum.
751 3196 782 3254 et
805 3197 919 3255 cuncta
941 3189 1024 3255 inter
1046 3190 1228 3280 castellum¹

173 3291 335 3356 Alisonem
358 3312 396 3355 ac
419 3292 564 3358 Rhenum
595 3293 685 3358 noris
712 3294 865 3360 limitibus
888 3295 1120 3378 aggeribusque
1143 3315 1209 3377 per-

171 3395 304 3459 munita.

262 3498 290 3563 8.
315 3500 446 3582 Iamque
474 3500 582 3565 classis
609 3501 794 3583 advenerat,
825 3521 896 3566 cum
926 3501 1099 3585 praemisso
1130 3521 1210 3566 com·
1229 3499 1380 3613 &will

173 3609 280 3667 meatu
303 3610 335 3668 et
357 3603 532 3670 distributis
555 3606 588 3669 in
604 3605 745 3689 legiones
761 3626 799 3670 ac
815 3606 916 3671 socios
931 3606 1067 3670 naribus
1083 3604 1210 3685 fossam,
1250 3577 1366 3681 „uqffi

175 3706 226 3770 cui
260 3707 438 3773 Drusianae
472 3729 597 3790 nomen,
634 3709 797 3793 ingressus
831 3716 1040 3794 precatusque
1073 3709 1211 3773 Drusum
1237 3720 1377 3768 carensac.

175 3816 308 3894 patrem,
332 3818 367 3876 ut
390 3833 423 3877 se
447 3811 558 3878 eadem
583 3833 693 3878 ausum
716 3813 818 3878 libens
840 3814 1045 3898 placatusque
1066 3813 1211 3896 exemplo
1247 3811 1320 3862 l¹¹l⁰l
1334 3811 1369 3855 ⁶²³

174 3934 214 3978 ac
236 3917 386 3980 memoria
410 3917 606 3983 consiliorum
621 3924 718 4004 atque
734 3939 870 4008 operum
883 3919 1027 4006 inraret,
1040 3919 1143 3984 lacus
1150 3875 1380 3980 ‘mmmm
