2760 4214
107 955 208 1008 salbo
219 969 243 1013 su

143 1028 208 1074 bum.

124 2410 229 2457 tiberias

117 2479 182 2534 tilitct
197 2479 232 2532 ild

270 148 312 212 26
521 166 570 220 Ab
589 181 705 221 excessu
722 167 756 221 D.
768 167 893 236 Augusti
912 169 925 221 Ι
943 172 1054 226 45-49.

269 339 513 405 hibernentium.
545 361 619 405 narn
642 341 735 425 primi
757 342 944 408 seditionem
971 349 1204 428 coeptaverant,
1228 349 1309 408 atro-

270 444 430 509 cissimum
453 444 599 528 quodque
622 445 745 510 facinus
764 445 875 511 horum
890 447 1037 513 manibus
1052 454 1223 532 patratum3
1247 468 1310 512 nec

269 569 372 633 poena
402 550 648 614 commilitonum
679 550 820 615 exteniti
850 571 910 616 nec
939 551 1135 636 paenitentia
1162 552 1309 617 conversi

269 653 332 718 iras
362 653 551 719 retinebant.
596 654 692 737 igitur
715 654 832 719 Caesar
859 675 948 719 arma
975 656 1108 720 classem
1131 655 1233 721 socios
1255 655 1311 720 de-

269 758 394 822 mittere
416 757 528 822 Rheno
550 764 651 841 parat,
679 758 706 822 si
728 759 894 842 imperium
916 759 1115 841 detrectetur,
1138 761 1220 825 bello
1244 781 1311 825 cer-

271 867 401 926 taturus.

357 965 409 1029 46.
433 965 475 1029 At
497 966 618 1030 Romae
647 965 787 1030 nondum
820 967 955 1050 cognito,
986 967 1040 1049 qui
1067 966 1178 1032 fuisset
1201 967 1310 1035 exitus

270 1071 303 1134 in
327 1069 463 1152 illyrico,
488 1074 519 1133 et
541 1069 700 1153 legionum
716 1070 975 1135 Germanicarum
998 1077 1084 1136 motu
1107 1070 1225 1152 audito,
1248 1079 1308 1138 tre-

270 1174 346 1259 pida
369 1174 480 1238 civitas
502 1174 647 1239 incusare
662 1175 822 1238 Tiberium
845 1175 939 1257 qnod,
962 1175 1037 1240 dum
1059 1182 1167 1260 patres
1190 1183 1222 1242 et
1243 1178 1308 1261 ple·

271 1281 353 1359 bem,
384 1277 524 1343 invalida
555 1284 586 1342 et
615 1277 756 1358 inermia,
791 1278 990 1344 cunctatione
1017 1279 1092 1344 ficta
1119 1280 1307 1363 ludificetur,

271 1381 423 1448 dissideat
446 1382 572 1446 interim
595 1382 684 1447 miles
699 1402 802 1463 neque
818 1382 950 1448 duorum
966 1382 1215 1448 adulescentium
1231 1404 1308 1449 non-

271 1485 346 1552 dum
376 1485 485 1550 adulta
514 1486 701 1550 auctoritate
731 1485 894 1570 comprimi
925 1492 1029 1569 queat.
1076 1487 1121 1552 ire
1148 1488 1252 1571 ipsum
1276 1494 1307 1553 et

271 1610 430 1676 opponere
450 1589 648 1655 maiestatem
668 1591 901 1674 imperatoriam
921 1591 1069 1656 debuisse
1085 1593 1229 1673 cessuris,
1252 1593 1308 1658 ubi

271 1697 444 1780 principem
479 1695 574 1777 longa
608 1694 805 1778 experientia
836 1694 1036 1778 eundemque
1067 1697 1246 1762 severitatis
1276 1703 1309 1762 et

271 1797 505 1864 munificentiae
540 1818 696 1862 summum
729 1797 894 1863 vidissent.
940 1820 981 1863 an
1012 1801 1190 1884 Augustum
1221 1800 1307 1866 fessa

271 1909 375 1967 aetate
408 1903 523 1967 totiens
557 1901 589 1965 in
624 1902 809 1966 Germanias
844 1922 1021 1968 commeare
1058 1903 1212 1987 potuisse:
1257 1905 1308 1968 Ti-

271 2007 393 2073 berium
427 2006 588 2090 vigentem
622 2005 715 2070 annis
752 2005 862 2071 sedere
900 2007 933 2071 in
967 2012 1090 2087 senatu,
1124 2008 1223 2073 verba
1256 2027 1309 2091 pa·

272 2117 354 2175 trum
385 2109 607 2174 cavillantem?
641 2110 718 2174 satis
747 2115 946 2194 prospectum
978 2112 1119 2176 urbanae
1149 2110 1308 2176 servituti:

272 2213 460 2280 militaribus
489 2212 604 2277 animis
634 2212 817 2278 adhibenda
843 2212 993 2294 fomenta,
1023 2220 1058 2278 ut
1087 2214 1170 2279 ferre
1196 2235 1309 2299 pacem

273 2319 381 2384 velint.

359 2423 411 2485 47.
440 2424 596 2487 Inmotum
625 2421 776 2486 adversus
804 2441 858 2488 eos
885 2441 1045 2487 sermones
1071 2421 1233 2503 fixumque
1260 2421 1312 2486 Ti·

97 2554 201 2608 rbosssr
217 2562 254 2607 aa
271 2528 359 2596 berio
389 2527 448 2592 fuit
477 2548 540 2592 non
570 2527 714 2592 omittere
741 2533 836 2610 caput
861 2546 965 2590 rerum
992 2546 1096 2609 neque
1119 2545 1153 2591 se
1179 2545 1309 2608 remque

142 2622 212 2676 bittit.

75 3884 102 3972 l

272 2633 430 2716 publicam
452 2632 485 2696 in
508 2651 615 2696 casnm
638 2630 723 2694 dare.
755 2630 854 2693 multa
876 2629 993 2713 quippe
1016 2636 1048 2695 et
1069 2628 1196 2694 diversa
1215 2649 1310 2714 ange-

272 2737 362 2801 bant:
393 2735 527 2800 validior
556 2754 612 2818 per
635 2734 836 2798 Germaniam
867 2734 1035 2814 exercituo,
1066 2733 1192 2817 propior
1221 2732 1308 2816 apud

270 2839 481 2922 Pannoniam,
512 2838 565 2902 ille
588 2837 759 2902 Galliarum
783 2837 897 2921 opibus
924 2837 1089 2917 subnixus,
1121 2836 1172 2900 hic
1195 2836 1308 2901 Italiae

270 2943 442 3007 inminens:
466 2961 543 3024 quos
566 2941 660 3025 igitur
683 2941 875 3006 anteferret?
898 2961 936 3005 ac
956 2960 997 3004 ne
1016 2939 1182 3024 postpositi
1202 2945 1309 3005 contu·

271 3047 366 3112 melia
388 3044 639 3110 incenderentur.
663 3051 696 3108 at
719 3065 775 3128 per
797 3045 877 3109 filios
900 3044 1017 3127 pariter
1039 3043 1119 3108 adiri
1142 3043 1309 3108 maiestate

271 3152 369 3232 salva,
401 3151 450 3215 cui
480 3150 580 3214 maior
609 3171 626 3215 c
655 3149 827 3232 longinquo
857 3148 1043 3213 reverentia.
1083 3147 1176 3212 simul
1203 3146 1309 3212 adule-

271 3255 431 3322 scentibus
447 3260 631 3319 excusatum
648 3253 803 3335 quaedam
819 3251 860 3316 ad
875 3259 997 3336 patrem
1012 3251 1140 3332 reicere,
1163 3251 1310 3316 resisten-

270 3359 373 3442 tisque
397 3359 584 3424 Germanico
610 3363 665 3422 aut
687 3359 789 3422 Druso
813 3376 905 3440 posse
928 3376 948 3420 a
971 3376 1004 3421 se
1028 3355 1165 3440 mitigari
1188 3355 1240 3420 vel
1261 3355 1310 3420 in-

270 3464 379 3549 fringi:
403 3462 488 3546 qnod
502 3461 589 3527 alind
605 3461 788 3543 subsidium,
810 3461 837 3525 si
851 3461 1072 3545 imperatorem
1092 3459 1310 3544 sprevissent?

271 3577 409 3634 ceterum
431 3574 466 3632 ut
487 3567 551 3631 iam
574 3567 700 3650 iamque
722 3565 822 3630 iturus
844 3566 922 3648 legit
946 3565 1086 3645 comites,
1118 3562 1311 3646 conquisivit

270 3673 506 3758 impedimenta,
530 3670 697 3736 edomavit
719 3690 832 3735 naves:
855 3690 929 3734 mox
949 3668 1086 3734 hiemem
1106 3675 1160 3732 ant
1179 3668 1311 3752 negotia

270 3777 358 3842 varie
381 3783 527 3842 causatus
549 3775 650 3860 primo
672 3773 855 3858 prudentes,
878 3772 951 3837 dein
968 3772 1107 3856 vulgum,
1131 3770 1311 3838 diutissime

255 3880 445 3964 provincias
467 3879 591 3946 fefellit.
