2760 4214
504 187 528 225 a.
542 171 574 226 U.
587 187 609 226 e.
624 173 682 228 768.
709 188 735 240 p.
749 170 810 226 Chr.
825 176 864 228 15.
1160 154 1202 219 39
1258 174 1261 181 ‘

224 398 227 409 .
255 345 304 410 70.
329 347 371 410 At
393 345 599 412 Germanicus
621 347 790 430 legionum,
815 367 894 431 quas
909 347 1044 413 navibus
1060 355 1200 429 vexerat,
1279 348 1324 392 Μ

167 447 340 513 secundam
371 456 402 514 et
432 455 576 533 quartam
607 450 773 516 decumam
802 451 915 517 itinere
942 451 1081 517 terrestri
1103 453 1137 516 P.
1151 452 1202 515 Vi·
1237 417 1360 541 ffiguff,

166 553 253 618 tellio
283 552 445 619 ducendas
473 553 578 636 tradit,
609 575 670 637 quo
702 556 800 621 levior
833 556 941 620 classis
970 555 1089 621 vadoso
1123 555 1202 619 mari
1237 559 1274 602 Μ
1287 555 1358 612 supe.

166 657 292 722 innaret
314 658 365 722 vel
388 658 548 742 reciproco
572 657 698 724 sideret.
734 660 879 724 Vitellius
894 659 1028 744 primum
1044 660 1104 723 iter
1118 660 1203 724 sicca
1220 641 1376 768 maffia

166 760 262 826 humo
286 768 341 826 aut
362 760 486 828 modice
510 761 681 828 adlabente
704 771 793 828 aestu
817 765 957 846 quietum
980 764 1104 829 habuit:
1128 784 1202 828 mox
1333 743 1340 760 ’

166 865 293 949 inpulsu
315 866 483 948 aquilonis,
507 865 599 930 simul
622 866 725 931 sidere
747 867 948 949 aequinoctii,
962 942 964 945 .
980 888 1041 949 quo
1064 869 1203 932 maxime

166 969 314 1034 tumescit
336 968 492 1050 Oceanus,
523 970 593 1053 rapi
623 970 738 1054 agique
770 991 895 1054 agmen.
935 978 966 1035 et
996 971 1204 1055 opplebantur

166 1081 281 1140 terrae:
306 1072 417 1138 eadem
440 1073 520 1138 freto
542 1074 626 1138 litori
649 1076 770 1159 campis
793 1074 902 1155 facies,
936 1095 1040 1157 neque
1067 1075 1203 1140 discerni

168 1184 314 1263 poterant
335 1178 457 1242 incerta
478 1179 518 1242 ab
543 1178 661 1259 solidis,
685 1179 796 1245 brevia
818 1200 838 1243 a
860 1178 1034 1263 profundis,
1063 1186 1203 1244 sternun-

167 1289 217 1374 tur
244 1280 401 1362 fluctibus,
431 1281 617 1346 hauriuntur
646 1284 838 1368 gurgitibus,
869 1284 1019 1364 iumenta,
1051 1284 1202 1363 sarcinae,

167 1405 297 1470 corpora
334 1385 483 1450 exanima
519 1385 713 1467 interfluunt,
751 1394 925 1452 occursant.
977 1387 1204 1471 permiscentur

166 1490 248 1554 inter
280 1510 314 1555 se
344 1490 507 1574 manipuli,
538 1489 631 1556 modo
655 1499 791 1575 pectore,
823 1491 915 1557 modo
946 1512 1000 1556 ore
1030 1497 1122 1555 tenus
1152 1511 1204 1555 ex-

168 1601 299 1675 stantes,
323 1594 493 1677 aliquando
516 1596 676 1661 subtracto
700 1596 765 1662 solo
788 1595 912 1661 disiecti
927 1605 982 1660 aut
997 1595 1108 1659 obruti.
1140 1616 1204 1660 non

168 1720 233 1764 vox
257 1707 288 1765 et
310 1700 411 1764 mutui
433 1699 575 1764 hortatus
601 1700 755 1765 iuvabant
777 1700 967 1766 adversante
997 1698 1096 1783 unda,
1126 1699 1205 1763 nihil

167 1811 315 1868 strenuus
345 1805 386 1868 ab
417 1803 544 1888 ignave,
575 1805 703 1888 sapiens
732 1805 774 1869 ab
805 1803 994 1888 inprudenti,
1026 1803 1156 1868 consilia
1185 1824 1204 1867 a

167 1927 243 1973 casu
271 1906 411 1992 differre;
447 1915 562 1973 cuncta
583 1909 653 1992 pari
676 1909 826 1974 violentia
847 1909 1100 1974 involvebantur.
1138 1914 1203 1972 tan-

167 2011 240 2077 dem
263 2012 408 2085 Vitellius
430 2013 463 2077 in
487 2012 620 2077 editiora
643 2013 750 2079 enisus
773 2013 884 2079 eodem
906 2033 1022 2096 agmen
1042 2011 1203 2078 subduxit.

169 2123 395 2199 pernoctavere
411 2118 479 2181 sine
494 2118 693 2198 utensilibus,
718 2118 786 2182 sine
805 2118 881 2200 igni,
898 2138 1016 2201 magna
1031 2137 1104 2201 pars
1120 2115 1204 2193 nudo

168 2225 224 2283 ant
247 2221 383 2285 mulcato
407 2241 545 2305 corpore,
568 2221 655 2285 haud
676 2221 781 2286 minus
803 2221 999 2286 miserabiles
1015 2241 1110 2303 quam
1126 2240 1204 2302 quos
1299 2296 1301 2301 ¹

166 2322 268 2388 hostis
297 2323 510 2389 circumsidet:
546 2326 662 2408 quippe
692 2325 755 2389 illic
791 2326 885 2390 etiam
916 2324 1066 2390 honestae
1095 2324 1204 2390 mortis

166 2447 253 2508 usus,
276 2427 326 2492 his
349 2428 517 2512 inglorium
541 2429 681 2493 exitium.
721 2430 777 2492 lux
799 2428 936 2493 reddidit
959 2435 1083 2509 terram,
1111 2447 1205 2512 pene-

166 2538 346 2613 tratumque
369 2532 412 2596 ad
434 2552 561 2596 amnem
586 2530 769 2620 [Visurgin],
793 2553 854 2615 quo
871 2534 989 2598 Caesar
1012 2524 1111 2597 classe
1136 2552 1204 2596 con-

168 2634 323 2700 tenderat.
370 2635 526 2719 inpositae
561 2635 635 2700 dein
669 2636 819 2720 legiones,
850 2644 988 2720 vagante
1020 2636 1105 2700 fama
1135 2637 1204 2700 sub-

164 2759 298 2823 mersas;
312 2759 371 2804 nec
382 2739 461 2804 fides
474 2741 593 2821 salutis,
608 2748 778 2822 antequam
787 2742 956 2806 Caesarem
969 2741 1205 2823 exercitumque

165 2841 315 2908 reducem
338 2843 456 2909 videre.

254 2947 303 3011 71.
328 2948 396 3012 Iam
420 2948 602 3028 Stertinius,
634 2947 676 3012 ad
697 2948 917 3033 accipiendum
947 2950 981 3012 in
1010 2948 1204 3013 deditionem
1264 2948 1339 2993 lum·

165 3050 363 3134 Segimerum
388 3051 516 3116 fratrem
533 3052 675 3135 Segestis
697 3053 900 3136 praemissus,
924 3053 1029 3136 ipsum
1052 3060 1083 3119 et
1105 3052 1204 3116 filium
1223 3018 1377 3139 ωὲἔζῗηῗπῗω

165 3156 233 3220 eius
248 3155 281 3218 in
297 3155 459 3220 civitatem
475 3156 627 3221 Ubiorum
643 3155 844 3240 perduxerat.
869 3156 945 3221 data
960 3157 1084 3239 utrique
1100 3157 1203 3236 venia,

166 3258 260 3324 facile
282 3258 454 3342 Segimero,
479 3260 679 3324 cunctantius
701 3260 776 3343 filio,
800 3261 874 3342 quia
891 3259 1035 3336 Quintilii
1050 3260 1126 3324 Vari
1142 3279 1205 3324 cor·

165 3382 224 3447 pus
247 3363 392 3428 inlusisse
416 3363 589 3428 dicebatur.
622 3369 759 3428 ceterum
783 3363 824 3428 ad
847 3364 1025 3448 supplenda
1047 3363 1204 3428 exercitus

165 3465 284 3531 damna
314 3474 475 3532 certavere
503 3467 624 3532 Galliae
647 3468 822 3551 Hispaniae
844 3469 945 3548 Italia,
977 3467 1061 3550 quod
1092 3467 1203 3549 cuique

165 3577 354 3656 promptum,
377 3592 466 3636 arma
482 3593 579 3655 equos
595 3593 706 3636 aurum
722 3573 899 3637 offerentes,
930 3593 1060 3654 quorum
1076 3571 1204 3637 laudato

166 3673 271 3741 studio
287 3676 503 3758 Germanicus,
520 3676 716 3742 armismodo
730 3684 761 3741 et
773 3677 863 3758 equis
874 3676 916 3741 ad
928 3677 1045 3741 bellum
1059 3675 1202 3760 sumptis,

165 3780 292 3863 propria
321 3781 457 3864 pecunia
486 3781 617 3845 militem
645 3781 732 3845 iuvit.
771 3788 868 3863 utque
899 3781 998 3845 cladis
1021 3782 1203 3846 memoriam

164 3883 261 3949 etiam
277 3886 423 3950 comitate
439 3884 560 3969 leniret,
578 3885 744 3953 circumire
760 3885 901 3972 saucios,
912 3886 1005 3953 lacta
1016 3885 1227 3970 singulorum
