2760 4214
507 192 531 230 1.
545 177 578 233 U.
593 180 687 234 1769.
715 194 741 246 p.
755 177 817 232 Chr.
833 181 873 234 16.
1165 163 1205 229 61

168 351 308 416 subverti
323 350 421 434 leges,
444 371 526 432 quae
550 371 608 416 sua
631 352 736 436 spatia
752 352 950 418 exercendae
967 353 1207 420 candidatorum

167 455 342 520 industriae
376 454 629 538 quaerendisque
662 462 718 520 aut
750 456 912 540 potiundis
944 456 1117 523 honoribus
1147 463 1207 523 111-

167 559 293 624 tuerint.
331 557 499 624 favorabili
514 559 547 622 in
564 560 703 643 speciem
718 561 859 625 oratione
872 561 937 625 vim
953 562 1075 646 imperii
1092 563 1204 629 tenuit.

255 663 306 726 37.
342 663 525 744 Censusque
563 662 760 745 quorundam
796 671 975 730 senatorum
1009 667 1097 731 iuvit.
1144 687 1206 749 quo
1245 664 1356 746 illlum

166 767 270 851 magis
299 766 412 830 mirum
442 765 512 847 fuit,
544 766 628 849 quod
658 787 769 851 preces
798 769 896 832 Marci
925 770 1057 851 Hortali,
1088 771 1206 836 nobilis
1235 737 1366 851 (1111Ϊέ

166 871 301 952 iuvenis,
335 871 368 934 in
403 877 591 955 paupertate
624 871 793 936 manifesta
824 874 989 957 superbius
1019 875 1204 958 accepisset.
1250 873 1350 928 cruenta,

165 995 266 1060 nepos
296 980 363 1039 crat
393 975 525 1040 oratoris
547 976 718 1055 Hortensii,
749 977 883 1041 inlectus
912 997 933 1040 a
963 977 1037 1043 divo
1059 979 1206 1062 Augusto

165 1078 355 1144 liberalitate
387 1077 517 1143 deciens
551 1079 687 1143 sestertii
720 1079 836 1144 ducere
869 1101 1010 1162 uxorem,
1047 1082 1206 1166 suscipere

165 1181 696 1264 11111111,111111111111111111111
719 1183 967 1266 extingueretur.
1000 1185 1096 1268 igitur
1119 1193 1207 1268 quat-

166 1293 236 1352 tuor
257 1286 331 1351 iiliis
353 1292 426 1350 ante
449 1286 546 1350 limen
570 1286 675 1352 curiae
694 1285 905 1367 adstantibus,
928 1288 998 1352 loco
1019 1291 1205 1371 sententiae,

167 1411 238 1455 cum
261 1391 295 1454 in
316 1390 438 1454 Palatio
461 1396 590 1454 senatus
613 1389 791 1471 haberetur,
823 1390 916 1455 modo
939 1392 1100 1456 Hortensii
1123 1394 1206 1458 inter

165 1500 305 1559 oratores
327 1493 421 1558 sitam
442 1494 624 1577 imaginem,
649 1492 742 1558 modo
757 1494 894 1577 Augusti
917 1495 1043 1559 intuens
1062 1493 1206 1560 adhunc

166 1596 294 1662 modum
317 1597 434 1681 coepit:
457 1591 575 1681 ‘patres
598 1598 777 1681 conscripti,
801 1597 868 1678 hos,
892 1618 1024 1680 quorum
1039 1619 1204 1663 numerum

167 1707 198 1766 et
225 1701 392 1787 pueritiam
419 1700 544 1782 videtis,
574 1721 638 1765 non
662 1708 774 1785 sponte
797 1702 918 1783 sustuli,
949 1702 1005 1767 sed
1028 1704 1102 1784 quia
1124 1703 1206 1786 prin-

166 1825 242 1890 ceps
264 1807 428 1889 monebat;
452 1805 544 1869 simul
567 1806 702 1870 maiores
725 1805 787 1869 mei
810 1814 991 1870 meruerant
1013 1812 1047 1870 ut
1062 1812 1206 1890 posteros

165 1907 329 1974 baberent.
367 1929 442 1973 nam
466 1929 535 1992 ego,
567 1909 621 1990 qui
644 1929 707 1974 non
730 1910 908 1992 pecuniam,
939 1931 1003 1974 non
1027 1909 1132 1974 studia
1153 1931 1206 1995 po-

165 2013 232 2097 puli
258 2032 362 2095 neque
385 2013 608 2095 eloquentiam,
639 2012 758 2095 gentile
788 2012 899 2077 domus
930 2019 1055 2078 nostrae
1078 2015 1205 2096 bonum,

165 2118 320 2182 varietate
342 2123 518 2201 temporum
540 2115 685 2199 accipere
708 2116 760 2180 vel
782 2137 895 2199 parare
918 2119 1099 2201 potuissem,
1128 2117 1206 2182 satis

165 2219 335 2301 habebam,
366 2221 392 2285 si
423 2227 534 2285 tenues
561 2240 611 2285 res
633 2241 724 2285 meae
746 2240 806 2284 nec
828 2221 905 2284 mibi
928 2220 1040 2305 pudori
1063 2242 1121 2286 nec
1145 2222 1206 2286 cui-

166 2344 263 2406 quarn
292 2325 379 2388 oneri
407 2326 518 2388 forent.
557 2325 661 2388 iussus
684 2324 724 2387 ab
748 2324 936 2407 imperatore
963 2344 1094 2389 11111111
1117 2325 1204 2390 duxi.

168 2447 208 2492 en
231 2428 326 2513 stirps
349 2434 381 2492 11
402 2428 571 2511 progenies
594 2434 640 2491 tot
663 2428 834 2509 consulum,
859 2434 905 2492 tot
920 2428 1117 2492 dictatorum.
1146 2449 1205 2493 nec

166 2530 208 2596 ad
234 2531 389 2596 invidiam
415 2531 487 2611 ista,
518 2530 575 2595 sed
598 2531 814 2596 conciliandae
837 2531 1070 2595 misericordiae
1092 2532 1203 2597 refero.

166 2634 382 2717 adsequentur
410 2634 541 2699 florente
571 2640 612 2716 te,
644 2635 771 2714 Caesar,
803 2656 881 2716 quos
908 2634 1033 2699 dederis
1055 2635 1204 2700 honores:

165 2738 301 2803 interim·
323 2737 360 2815 Q.
388 2739 550 2802 Hortensii
579 2746 778 2822 pronepotes,
810 2738 875 2802 divi
898 2739 1033 2822 Augusti
1060 2739 1205 2804 alumnos

166 2843 207 2908 ab
230 2842 338 2927 inopia
360 2838 519 2906 defende?

254 2945 305 3011 38.
328 2946 495 3011 Inclinatio
518 2952 648 3011 senatus
670 2946 910 3009 incitamentum
924 2946 1052 3010 Tiberio
1068 2945 1127 3010 fuit
1143 2967 1204 3028 quo
1245 2946 1320 3024 aerae
1334 2956 1356 2990 a

165 3050 342 3135 promptius
362 3049 593 3130 adversaretur,
617 3049 667 3114 his
690 3049 789 3113 ferme
812 3049 918 3113 verbis
941 3070 1030 3114 usus:
1055 3043 1092 3115 ‘si
1108 3071 1204 3131 quan·
1235 3016 1363 3130 11111313

165 3160 233 3218 tum
259 3173 434 3238 pauperum
463 3159 510 3217 est
533 3153 642 3218 venire
665 3152 727 3217 huc
750 3159 781 3217 et
804 3153 911 3217 liberis
934 3154 999 3217 suis
1022 3160 1130 3237 petere
1153 3175 1204 3238 pe·
1243 3152 1301 3231 11ῗῦ1
1315 3155 1352 3231 ,⁶²⁶

165 3257 275 3322 eunias
309 3256 479 3340 coeperint,
514 3257 630 3340 singuli
664 3277 836 3338 numquam
868 3257 1118 3336 exsatiabuntur,
1153 3278 1204 3322 res
1246 3222 1353 3343 {w

164 3360 293 3446 publiea
322 3358 456 3424 deficiet.
501 3380 561 3424 nec
588 3380 665 3425 sanc
687 3359 758 3424 idco
781 3380 802 3423 a
824 3360 995 3424 maioribus
1019 3380 1203 3425 eoncessum

165 3472 214 3530 111
243 3463 351 3548 egredi
381 3463 550 3545 aliquando
584 3464 768 3528 relationem
798 3470 829 3528 11
859 3463 942 3546 quod
972 3464 1005 3526 in
1038 3483 1204 3529 commune

165 3566 322 3634 conducat
344 3567 411 3632 loco
434 3567 611 3632 sententiae
633 3567 782 3651 proferre,
817 3574 852 3631 ut
874 3568 999 3651 privata
1022 3568 1149 3651 negotia
1171 3575 1203 3632 11

164 3692 215 3738 111
236 3671 410 3736 familiares
432 3678 555 3736 nostras
571 3671 622 3735 hic
641 3692 825 3755 augeamus
849 3693 920 3736 cum
936 3670 1057 3735 invidia
1073 3678 1203 3737 senatus

165 3783 197 3842 et
218 3775 405 3861 principum,
429 3775 497 3840 sive
512 3775 702 3839 indulserint
721 3776 921 3859 largitionem
939 3776 1007 3840 sive
1023 3776 1200 3840 abnuerint.

164 3899 228 3946 111
244 3879 329 3945 enim
344 3899 454 3963 preces
470 3886 543 3943 sunt
558 3877 652 3963 istud,
677 3879 734 3946 sed
757 3879 961 3967 efflagitatio,
979 3880 1219 3965 intempestiua.
