2760 4214
503 204 527 241 a.
540 188 573 244 U.
587 203 609 243 a.
623 191 681 245 768.
709 205 735 256 p.
749 186 811 242 Chr.
825 192 866 243 15.
908 167 910 170 Ι
1157 169 1200 234 43

166 363 250 427 laora
279 362 433 428 libertatis
463 363 586 427 senatui
616 361 798 445 praebebat.
835 361 940 425 ualuit
970 368 1077 426 tamen
1107 361 1199 425 inter-

167 467 276 548 cessio,
300 468 375 549 quia
395 466 487 532 divus
501 467 663 550 Augustus
678 467 834 531 immunes
850 465 1016 530 verberum
1031 464 1200 530 histriones

167 571 326 654 quondam
348 571 564 655 responderat,
588 591 690 654 neque
713 571 763 636 fas
778 571 905 636 Tiberio
928 570 1100 654 infringere
1116 569 1201 634 diota

167 676 243 742 eius.
282 675 322 741 dc
352 675 445 741 modo
474 676 589 741 lucaris
620 682 652 741 et
678 675 832 741 adversus
855 675 1019 740 lasciviam
1042 675 1200 740 fautorum

165 781 265 845 multa
287 780 511 864 decernuntur,
536 801 576 846 ex
601 782 671 862 quis
693 781 832 845 maxime
855 780 1004 863 insignia,
1028 800 1069 843 ne
1092 778 1201 844 domos

165 885 429 969 pantomimorum
453 892 579 951 senator
601 884 750 965 introiret,
774 904 815 949 ne
839 883 1038 968 egredientes
1053 883 1086 947 in
1102 883 1200 967 publi-

167 1009 238 1053 cum
261 989 382 1071 equites
404 989 538 1054 Romani
563 990 734 1072 cingerent,
758 995 813 1053 aut
827 988 904 1053 alibi
920 1008 1014 1070 quam
1029 988 1062 1051 in
1078 987 1201 1052 theatro

166 1099 392 1176 spectarentur,
416 1100 448 1157 et
463 1092 673 1176 spectantium
690 1091 920 1156 immodestiam
936 1092 1031 1156 exilio
1047 1090 1201 1155 multandi

165 1203 305 1280 potestas
328 1198 525 1280 praetoribus
548 1196 645 1261 tieret.
1104 1256 1106 1260 ,

255 1299 304 1363 78.
328 1301 495 1385 Templum
517 1307 552 1365 ut
573 1301 607 1364 in
631 1300 752 1366 colonia
774 1299 1003 1364 Tarraconensi
1030 1306 1202 1364 strueretur
1235 1297 1355 1410 {muniuit

166 1405 309 1489 Augusto
339 1406 521 1488 petentibus
551 1405 704 1488 Hispanis
734 1405 932 1488 permissum,
967 1403 1138 1486 datumque
1168 1403 1200 1467 in
1243 1373 1355 1480 {mma

165 1529 275 1574 omnes
291 1509 472 1593 provincias
488 1509 678 1593 exemplum.
704 1510 908 1573 centesimam
921 1528 1024 1573 rerum
1041 1507 1200 1572 venalium
1219 1522 1374 1576 arescusae

165 1619 237 1698 post
270 1614 354 1678 bella
388 1614 492 1678 civilia
526 1613 702 1677 institutam
733 1612 924 1697 deprecante
955 1612 1070 1696 populo
1100 1610 1201 1675 edixit
1260 1592 1334 1643 Μ·

165 1717 311 1783 Tiberius
340 1717 473 1782 militare
502 1718 660 1782 aerarium
690 1738 727 1782 eo
755 1716 895 1783 subsidio
922 1717 994 1800 niti;
1025 1715 1118 1780 simul
1148 1715 1201 1778 im-

165 1841 275 1906 parem
291 1823 380 1886 oneri
403 1842 469 1886 rem
492 1822 660 1906 publicam,
684 1821 745 1886 nisi
768 1821 941 1886 vicensimo
964 1820 1095 1884 militiae
1117 1839 1201 1883 anno

166 1926 309 1990 veterani
331 1925 572 1991 dimitterentur.
607 1925 653 1989 ita
674 1925 839 2009 proximae
855 1923 1018 1990 seditionis
1033 1924 1115 1988 male
1131 1943 1201 1988 oon-

166 2030 259 2110 sulta,
290 2029 404 2112 quibus
433 2029 572 2094 sedecim
599 2028 827 2113 stipendiorum
849 2029 946 2094 finem
970 2034 1200 2112 expresserant,

165 2132 284 2198 abolita
306 2134 340 2197 in
362 2145 534 2218 posterum.

255 2237 305 2302 79.
329 2239 444 2303 Actum
471 2237 586 2304 deinde
613 2239 647 2302 in
674 2247 786 2304 senatu
808 2240 850 2303 ab
873 2237 1021 2302 Arruntio
1045 2243 1076 2303 et
1097 2237 1201 2317 Ateio,
1243 2236 1353 2351 {m}

165 2363 208 2406 an
245 2342 285 2406 ob
322 2341 531 2407 moderandas
568 2343 691 2407 Tiberis
734 2340 965 2407 exundationes
1006 2346 1203 2405 verterentur
1260 2376 1336 2421 gum,

165 2444 296 2510 flumina
326 2452 358 2510 et
379 2447 475 2527 lacus,
506 2466 563 2530 per
592 2466 671 2528 quos
700 2446 857 2530 augescit;
888 2444 1081 2527 auditaeque
1104 2444 1202 2508 muni·
1228 2446 1375 2499 recurreres.

168 2549 321 2633 cipiorum
344 2557 376 2614 et
398 2551 589 2615 coloniarum
612 2550 796 2633 legationes,
827 2550 990 2615 orantibus
1013 2548 1203 2613 Florentinis

167 2673 209 2718 ne
232 2653 340 2718 Clanis
362 2654 453 2719 solito
475 2654 566 2720 alveo
594 2653 738 2719 demotus
760 2654 793 2717 in
815 2673 940 2717 amnem
963 2652 1083 2716 Arnum
1105 2658 1203 2716 trans-

167 2758 301 2823 ferretur
322 2757 418 2841 idque
441 2759 518 2843 ipsis
540 2759 713 2843 perniciem
736 2758 884 2823 adferret.
924 2757 1131 2841 congruentia
1153 2757 1202 2822 his

166 2864 399 2929 Interamnates
437 2863 626 2929 dissemere:
666 2884 794 2947 pessum
831 2863 928 2928 ituros
960 2861 1203 2928 fecundissimos

166 2967 279 3031 Italiae
309 2987 448 3051 campos
478 2968 504 3032 si
534 2968 638 3032 amnis
667 2968 735 3031 Nar
765 2966 811 3053 (id
841 2966 926 3031 enim
955 2963 1140 3051 parabatur)
1170 2966 1203 3029 in

167 3070 252 3136 rivos
281 3071 428 3136 diductus
458 3073 775 3157 superstagnavisset.
818 3090 877 3135 nec
903 3070 1030 3136 Reatini
1058 3070 1202 3150 silebant,

167 3175 315 3240 Velinum
337 3176 451 3259 lacum,
480 3177 597 3259 quain
620 3177 738 3240 Narem
766 3172 946 3255 effunditur,
977 3174 1096 3238 obstrui
1119 3193 1203 3237 recu-

167 3286 285 3362 santes,
315 3281 433 3364 quippe
459 3281 492 3344 in
520 3280 698 3345 adiacentia
726 3285 922 3363 erupturum3
954 3285 1082 3361 optume
1108 3277 1203 3341 rebus

167 3384 344 3448 mortalium
369 3384 562 3450 consuluisse
585 3393 739 3464 naturam,
764 3402 844 3465 quae
868 3401 926 3446 sua
940 3402 995 3446 ora
1009 3380 1202 3460 fluminibus,

167 3509 241 3554 suos
263 3509 372 3554 cursus
395 3496 491 3571 utque
513 3489 677 3573 originem,
699 3488 744 3551 ita
759 3487 838 3552 fines
854 3485 989 3570 dederit;
1013 3483 1203 3569 spectandas

167 3594 263 3658 etiam
289 3593 458 3677 religiones
488 3593 653 3675 sociorum,
687 3592 741 3675 qui
774 3611 864 3656 sacra
895 3595 927 3654 et
955 3590 1042 3654 lucos
1072 3595 1103 3654 et
1131 3607 1203 3653 aras

167 3699 278 3782 patriis
308 3699 455 3764 amnibus
486 3698 675 3782 dicaverint,
711 3696 787 3780 quin
817 3696 921 3779 ipsum
951 3693 1091 3758 Tiberim
1121 3692 1203 3758 nolle

167 3823 295 3887 prorsus
316 3802 432 3868 accolis
454 3801 560 3867 fluviis
583 3803 727 3869 orbatum
749 3801 869 3865 minore
890 3798 991 3883 gloria
1013 3797 1119 3863 fluere.
1147 3817 1203 3862 seu

168 3927 279 3991 preces
301 3907 490 3973 coloniarum
514 3926 570 3973 seu
594 3905 768 3976 difficultas
791 3925 928 3994 operurn
948 3903 1022 3972 siue
1036 3899 1228 3989 superstxt‘xo
