2760 4214
438 176 461 214 a.
476 160 508 215 U.
521 175 544 213 c.
558 161 616 216 769.
644 176 670 228 p.
684 157 746 213 Chr.
762 162 802 214 16.
1095 141 1138 206 53

99 333 328 400 dirimerentur.
360 333 412 398 hic
432 333 530 418 pedes
549 333 685 417 adstitit3
707 333 845 415 equitem
860 332 1046 416 propinquis
1061 332 1138 397 lucis
1248 332 1251 338 ’

99 447 219 521 texere,
243 445 277 504 ut
298 439 452 522 ingressis
475 439 587 504 silvam
609 438 788 521 legionibus
810 458 830 501 a
852 443 940 520 tergo
963 435 1053 501 foret.

187 543 238 606 20.
262 541 350 607 Nihil
373 562 414 606 ex
437 541 487 606 his
503 541 632 607 Caesari
654 541 863 625 incognitum:
889 541 1021 605 consilia
1042 541 1137 622 locos,

98 652 246 733 prompta
272 647 394 711 occulta
421 652 552 711 noverat
579 652 728 727 astusque
751 645 889 710 bostium
911 645 944 709 in
966 644 1138 729 perniciem

98 752 177 836 ipsis
200 752 354 816 vertebat.
386 751 459 816 Seio
474 749 635 814 Tuberoni
657 750 762 833 legato
786 748 882 814 tradit
904 749 1042 830 equitem
1058 768 1138 812 cam-

99 874 252 940 pumque,
282 852 425 938 peditum
447 854 549 918 aciem
571 854 615 917 ita
638 853 797 933 instruxit,
829 859 863 916 ut
885 872 959 937 pars
980 873 1082 935 aequo
1105 852 1138 916 in

99 959 214 1023 silvam
229 957 317 1022 aditu
332 957 502 1038 incederet,
525 977 599 1040 pars
614 957 773 1021 obiectum
788 976 938 1041 aggerem
954 957 1137 1040 eniteretur,

100 1062 186 1144 quod
207 1061 342 1126 arduum
364 1061 435 1142 sibi,
460 1066 565 1125 cetera
588 1060 701 1144 legatis
723 1061 874 1145 permisit.
907 1061 1021 1141 quibus
1043 1061 1139 1144 plana

100 1173 283 1248 evenerant,
313 1165 407 1230 facile
434 1167 595 1249 inrupere;
626 1166 697 1248 quis
720 1164 945 1248 inpugnandus
967 1184 1074 1248 agger,
1105 1170 1139 1228 ut

99 1270 128 1335 si
149 1290 274 1334 murum
296 1269 512 1349 succederent,
541 1269 692 1352 gravibus
720 1287 855 1351 superne
878 1268 993 1333 ictibus
1016 1266 1138 1334 conflic-

100 1375 257 1439 tabantur.
305 1374 404 1438 sensit
426 1373 493 1436 dux
516 1374 658 1457 inparem
682 1372 857 1437 comminus
879 1392 1020 1455 pugnam
1042 1391 1139 1436 remo-

99 1477 203 1560 tisque
226 1477 355 1561 paulum
374 1477 551 1560 legionibus
566 1476 740 1541 funditores
755 1477 974 1559 libritoresque
990 1481 1138 1542 excutere

100 1582 164 1647 tela
195 1589 226 1647 et
259 1584 444 1667 proturbare
478 1581 602 1647 hostem
636 1582 731 1646 iubet.
778 1581 893 1645 missae
928 1600 946 1644 e
975 1580 1139 1645 tormentis

99 1685 222 1768 hastae,
253 1693 433 1769 quantoque
457 1687 618 1770 conspicui
640 1686 742 1769 magis
765 1691 1024 1769 propugnatores,
1051 1690 1138 1749 tanto

99 1790 241 1874 pluribus
270 1791 455 1856 uulneribus
484 1789 608 1855 deiecti.
654 1791 773 1874 primus
805 1790 922 1855 Caesar
952 1808 1023 1852 curn
1052 1808 1138 1872 prae-

99 1894 188 1959 toriis
218 1893 398 1959 cohortibus
428 1901 521 1979 capto
552 1894 635 1959 vallo
666 1892 754 1957 dedit
783 1894 936 1977 impetum
962 1893 996 1957 in
1027 1892 1137 1977 silvas;

99 1999 223 2063 conlato
245 1998 309 2062 illic
331 1997 432 2081 gradu
456 2004 618 2062 certatum.
656 1997 780 2062 hostem
801 2018 823 2061 a
845 2004 933 2080 tergo
956 1996 1057 2081 paine,
1080 1997 1139 2060 Ro

98 2122 210 2167 manos
230 2101 348 2167 flumen
367 2109 423 2167 aut
441 2109 564 2167 montes
581 2101 785 2166 claudebant:
809 2102 950 2183 utrisque
966 2101 1138 2166 necessitas

98 2205 132 2269 in
154 2205 233 2287 loco,
256 2226 329 2291 spes
352 2207 386 2271 in
409 2208 534 2287 virtuto,
558 2207 643 2271 salus
666 2227 707 2270 cx
730 2207 869 2270 victoria.

186 2309 237 2374 21.
262 2311 330 2375 Nec
352 2312 453 2374 minor
469 2311 635 2376 Germanis
650 2312 785 2390 animus,
809 2309 866 2374 sed
880 2329 997 2393 genere
1012 2330 1138 2394 pugnae
1165 2300 1298 2422 ffffiss‘ffiff

99 2418 131 2478 et
161 2432 317 2479 armorum
347 2416 586 2499 superabantur,
618 2435 690 2479 cum
719 2416 832 2498 ingens
863 2412 1030 2477 multitudo
1062 2415 1138 2480 artis
1293 2400 1300 2416 ⁰

98 2517 175 2583 locis
202 2519 389 2602 praelongas
416 2519 525 2584 hastas
551 2539 615 2583 non
637 2518 849 2602 protenderet,
880 2537 944 2581 non
967 2519 1137 2602 colligeret,

99 2640 202 2704 neque
225 2621 402 2687 adsultibus
426 2629 457 2687 et
479 2623 647 2688 velocitate
670 2642 834 2706 corporum
857 2626 1005 2703 uteretur,
1030 2628 1138 2686 coacta

99 2725 212 2790 stabile
242 2725 284 2789 ad
311 2727 477 2811 proelium;
514 2733 623 2792 contra
652 2727 752 2807 miles,
784 2727 833 2790 cui
866 2732 989 2790 scutum
1018 2725 1138 2810 pectori

98 2827 286 2912 adpressum
316 2835 348 2894 et
377 2830 519 2896 insidens
546 2832 658 2915 capulo
681 2850 803 2911 manus,
832 2830 911 2895 latos
933 2831 1138 2895 barbarorum

96 2938 194 3013 artus,
217 2932 304 2998 nuda
325 2954 381 2998 ora
403 2933 525 2999 foderet
548 2935 696 3017 viamque
719 2940 824 3018 strage
839 2934 976 2999 hostium
991 2934 1136 3018 aperiret,

98 3035 277 3120 inprompto
299 3037 363 3102 iam
385 3039 529 3102 Arminio
552 3039 591 3103 ob
615 3039 764 3103 continua
786 3039 935 3122 pericula,
959 3039 1027 3103 sive
1049 3038 1137 3102 illum

97 3158 209 3205 recens
224 3149 390 3226 acceptum
406 3143 520 3207 vulnus
536 3141 726 3206 tardaverat.
755 3144 830 3225 quin
846 3150 877 3206 et
892 3143 1136 3226 Inguiomerum,

97 3249 165 3308 tota
191 3245 377 3310 volitantem
399 3247 478 3327 acie,
501 3246 628 3311 fortuna
650 3247 752 3329 magis
776 3266 872 3328 quam
894 3247 993 3310 virtus
1016 3245 1137 3310 desere-

97 3347 163 3412 bat.
195 3354 226 3412 et
241 3349 447 3414 Germanicus
468 3371 529 3433 quc
551 3351 653 3434 magis
676 3349 931 3434 adgnosceretur,
955 3349 1137 3413 detraxerat

98 3451 239 3534 tegimen
265 3455 361 3538 capiti
388 3455 561 3536 orabatque
584 3455 766 3519 insisterent
789 3453 953 3518 caedibus:
985 3453 1029 3516 nil
1058 3471 1137 3536 opus

97 3555 242 3639 captivis,
279 3558 378 3622 solam
413 3559 653 3623 internicionem
686 3559 791 3641 gentis
822 3557 917 3621 finem
947 3557 1029 3621 bello
1059 3556 1135 3622 fore.

96 3660 224 3741 iamque
254 3681 324 3726 sero
355 3661 418 3727 diei
448 3662 596 3728 subducit
626 3683 667 3726 ex
697 3663 765 3725 acie
795 3662 953 3745 legionem
983 3659 1137 3726 faciendis

97 3764 222 3828 castris:
247 3771 369 3831 ceterae
392 3766 434 3831 ad
456 3773 582 3831 noctem
605 3785 713 3830 cruore
736 3766 873 3831 hostium
897 3767 1031 3830 satiatae
1054 3771 1134 3830 sunt.

96 3868 220 3950 equites
242 3869 390 3954 ambigue
414 3879 584 3936 certavere.
