2760 4214
436 187 460 224 a.
474 170 507 225 U.
520 185 542 224 c.
557 172 616 226 775.
640 186 666 238 p.
680 169 742 223 Ohr.
756 173 797 224 22.
1076 154 1138 219 115

100 345 273 410 cessavisse
303 344 480 428 religiones.
520 342 604 425 quod
632 342 658 407 si
680 363 738 427 per
760 348 806 407 tot
828 363 930 407 annos
952 343 1052 427 possit
1074 363 1138 407 non

99 449 198 512 creari
221 448 306 512 nullo
330 467 489 512 sacrorum
513 446 639 528 damno,
675 452 793 528 quanto
825 446 949 511 facilius
979 446 1139 510 afuturum

99 550 141 615 ad
156 552 250 616 unius
265 551 341 615 anni
356 551 580 635 proconsulare
596 549 785 633 imperium?
801 549 934 633 privatis
949 550 1024 615 olim
1037 549 1140 615 simul-

99 654 217 719 tatibus
248 655 405 734 effectum‚
436 659 470 717 ut
500 673 519 716 a
548 652 751 737 pontificibus
777 651 925 717 maximis
948 653 994 716 ire
1016 653 1049 717 in
1072 673 1140 737 pro-

100 757 223 822 vincias
238 756 494 841 prohiberentur:
512 777 597 821 nunc
613 758 707 820 deum
721 776 852 821 munere
868 776 1025 821 summurn
1041 757 1141 840 ponti·

99 860 194 925 ficum
225 861 320 924 etiam
351 881 506 925 summum
537 858 699 924 hominum
727 879 806 942 esse,
839 880 902 924 non
925 859 1139 942 aemulationi,

101 986 164 1029 non
187 964 259 1029 odio
282 970 337 1028 aut
359 963 491 1048 privatis
515 962 748 1028 adfectionibus
772 963 954 1027 obnoxium.

188 1069 239 1132 59.
263 1056 426 1132 Adversus
449 1087 530 1149 quae
551 1087 621 1130 cum
637 1086 739 1149 augur
753 1066 907 1130 Lentulus
921 1066 1039 1148 aliique
1055 1067 1142 1132 varie
1194 1067 1280 1120 sturno

102 1171 301 1252 dissererent,
326 1191 363 1235 eo
383 1170 549 1235 decursum
566 1176 623 1250 est,
647 1176 681 1233 ut
697 1168 855 1253 pontificis
871 1170 1003 1234 maximi
1018 1177 1142 1235 senten·
1170 1136 1307 1259 msslllm

102 1275 179 1339 tiam
195 1275 420 1359 opperirentur.
451 1273 598 1339 Tiberius
621 1271 720 1336 dilata
742 1273 870 1337 notione
894 1272 933 1336 de
955 1274 1023 1338 iure
1045 1273 1142 1338 flami·
1172 1274 1306 1328 turonum.

102 1380 162 1459 niS,
187 1379 329 1443 decretas
345 1378 385 1442 ob
401 1377 600 1442 tribuniciam
618 1376 714 1441 Drusi
729 1382 918 1460 potestatem
935 1377 1143 1442 caerimonias

103 1483 301 1567 temperavit,
336 1481 522 1546 nominatim
554 1501 692 1564 arguens
724 1480 925 1545 insolentiam
959 1480 1143 1547 Silanianae

104 1586 281 1652 sentcntiae
303 1604 479 1666 aureasque
502 1585 622 1648 litteras
639 1589 749 1648 contra
764 1584 900 1667 patrium
916 1604 1044 1648 morem.
1069 1586 1144 1650 reci-

104 1696 189 1754 tatae
213 1696 245 1753 et
259 1689 355 1754 Drusi
378 1688 533 1772 epistulae
557 1708 749 1769 quamquam
772 1686 815 1751 ad
836 1686 1024 1752 modestiam
1041 1688 1145 1753 flexae

105 1814 161 1877 pro
185 1793 418 1877 superbissimis
441 1792 649 1876 accipiuntur.
688 1791 750 1855 huc
773 1789 931 1856 decidisse
955 1799 1078 1872 cuncta,
1110 1797 1145 1855 ut

105 1918 145 1961 ne
180 1896 304 1960 iuvenis
335 1894 464 1978 quidem
495 1901 584 1961 tanto
615 1894 735 1961 honore
764 1900 895 1978 accepto
925 1894 1028 1959 adiret
1057 1895 1145 1961 urbis

106 1998 192 2081 deos,
216 1998 434 2083 ingrederetur
457 2005 612 2079 senatum,
635 1998 778 2082 auspicia
797 1999 911 2062 saltem
925 1999 1045 2082 gentile
1060 1998 1146 2082 apud

107 2105 206 2168 solum
240 2103 403 2186 inciperet.
442 2103 559 2167 bellum
590 2103 719 2184 scilicet,
750 2107 806 2166 aut
836 2101 963 2168 diverso
993 2109 1146 2168 terrarum

107 2207 260 2288 distineri,
291 2208 382 2271 litora
409 2212 441 2272 et
468 2209 556 2272 lacus
580 2207 774 2291 Campaniae
802 2227 873 2271 cum
896 2207 1037 2272 maxime
1059 2228 1147 2292 pera·

107 2318 262 2394 grantem.
294 2311 340 2375 sic
363 2310 462 2375 imbui
482 2318 635 2376 rectorem
654 2313 782 2395 generis
797 2310 939 2392 humani,
963 2311 996 2375 id
1011 2313 1146 2396 primurn

109 2435 126 2479 e
154 2414 297 2499 paternis
328 2415 467 2480 consiliis
497 2414 628 2480 discere.
667 2435 744 2480 sane
771 2422 956 2500 gravaretur
982 2424 1147 2499 aspectum

108 2519 224 2583 civium
252 2538 353 2583 senex
381 2518 551 2603 imperator
577 2517 759 2600 fessamque
781 2524 919 2582 aetatem
942 2524 974 2581 et
995 2524 1084 2584 actos
1106 2519 1148 2581 la-

107 2622 199 2686 bores
229 2622 466 2706 praetenderet:
501 2623 605 2688 Druso
628 2621 797 2704 quodnisi
820 2641 860 2685 ex
882 2619 1072 2703 adrogantia
1094 2621 1148 2685 im-

108 2725 347 2809 pedimentum‘?

196 2830 246 2894 60.
271 2828 335 2896 Sed
349 2830 505 2912 Tiberius,
529 2830 595 2894 vim
617 2829 812 2914 principatus
835 2828 897 2894 sibi
911 2828 1052 2909 firmans,
1074 2828 1149 2892 ima·
1166 2826 1321 2940 lll‘ilbl‘lm

109 2933 217 3015 ginem
246 2933 444 3015 antiquitatis
471 2934 593 2999 senatui
621 2935 805 3018 praebebat,
836 2933 995 3016 postulata
1025 2931 1148 3015 provin·
1167 2905 1322 3018 „neafliam

110 3036 228 3099 ciarum
251 3036 293 3100 ad
316 3035 568 3119 disquisitionem
590 3043 715 3121 patrum
738 3035 901 3100 mittendo.
930 3035 1150 3101 crebrescebat
1182 3033 1309 3148 ss‘ggssltsm

111 3140 194 3204 enim
218 3140 357 3204 Graecas
384 3160 441 3225 per
468 3142 562 3206 urbes
589 3141 718 3205 licentia
744 3148 841 3223 atque
864 3139 1036 3222 impunitas
1058 3140 1149 3222 asyla
1271 3112 1289 3147 ι’

111 3244 523 3328 statuendi5conplebantur
531 3245 650 3330 templa
658 3244 804 3329 pessimis
813 3242 1148 3326 servitiorum5eodem

110 3347 251 3413 subsidio
281 3347 422 3413 obaerati
451 3347 621 3413 adversum
650 3347 820 3413 creditores
843 3347 1044 3430 suspectique
1068 3346 1149 3429 capi-

111 3452 220 3515 talium
241 3452 406 3515 criminum
429 3451 682 3535 receptabantur.
706 3471 767 3516 nec
789 3450 886 3514 ullum
910 3449 986 3514 satis
1010 3447 1149 3512 validum

111 3555 276 3639 imperium
316 3562 384 3619 erat
422 3555 603 3620 coercendis
637 3554 845 3620 seditionibus
874 3553 991 3637 populi,
1029 3551 1151 3635 flagitia

111 3658 272 3723 hominum
296 3665 330 3722 ut
352 3659 561 3724 caerimonias
584 3657 678 3723 deum
701 3656 905 3742 protegentis.
940 3655 1036 3739 igitur
1057 3655 1151 3738 placi-

112 3768 179 3826 tum
202 3769 236 3827 ut
257 3762 418 3828 mitterent
443 3763 590 3828 civitates
612 3763 682 3827 iura
703 3769 800 3845 atque
823 3762 955 3845 legatos.
1003 3764 1034 3822 et
1057 3778 1151 3840 quae-

112 3865 186 3930 dam
216 3866 300 3949 quod
330 3865 410 3932 falso
440 3872 671 3951 usurpaverant
703 3872 816 3952 sponte
850 3864 1006 3944 omisere,
1032 3862 1164 3924 multas

1038 3963 1074 4010 Q'le
