2760 4214
280 177 322 243 22
529 197 579 251 Ab
597 213 712 253 excessu
728 199 762 254 D.
776 199 902 269 Augusti
919 199 933 253 I
952 201 1062 256 38—41.

281 370 362 435 senti
388 369 519 436 duorum
552 372 685 438 militum
719 373 872 457 supplicio
905 374 1033 458 paulum
1062 373 1197 456 repressi
1231 379 1313 438 sunt.

279 472 413 539 iusserat
439 474 472 538 id
498 476 548 540 Μ’.
572 476 694 541 Ennius
727 483 897 542 castrorum
926 476 1114 562 praefectus,
1144 479 1229 542 bono
1252 497 1315 541 ma-

279 578 329 662 gis
356 580 502 663 exemplo
526 600 619 662 quam
647 600 795 646 concesso
822 581 898 645 iure.
940 580 1056 646 deinde
1085 581 1315 645 intumescente

280 689 367 748 motu
393 682 545 767 profugus
574 690 788 769 repertusque,
818 692 985 768 postquam
1014 684 1134 750 intutae
1164 685 1314 766 latebrae,

280 786 473 871 praesidium
499 788 539 852 ab
563 787 696 853 audacia
719 795 890 854 mutuatur:
913 810 976 854 non
999 788 1193 873 praefectum
1208 790 1249 854 ab
1265 789 1316 870 iis,

282 890 338 957 sed
375 891 596 956 Germanicum
637 892 759 976 ducem,
801 894 857 959 sed
893 888 1055 959 Tiberium
1095 893 1317 978 imperatorem

281 996 400 1062 violari.
432 996 524 1061 simul
548 997 704 1062 exterritis
727 998 780 1081 qui
803 998 998 1079 obstiterant,
1022 1004 1146 1082 raptum
1161 999 1315 1062 vexillum

282 1100 324 1165 ad
357 1101 457 1184 ripam
488 1101 591 1183 vertit,
629 1109 661 1168 et
695 1102 721 1167 si
755 1102 825 1185 quis
858 1103 985 1186 agmine
1023 1102 1221 1184 decessisset,
1253 1123 1318 1185 pro

282 1204 441 1270 desertore
467 1205 534 1271 fore
561 1207 735 1288 clamitans,
758 1206 884 1271 reduxit
907 1207 940 1271 in
963 1207 1098 1272 hiberna
1119 1205 1260 1271 turbidos
1283 1212 1316 1270 et

283 1308 360 1374 nihil
382 1329 482 1374 ausos.

112 1401 266 1524 ‘mm
369 1413 419 1480 39.
447 1415 573 1479 Interea
599 1416 695 1499 legati
722 1417 762 1480 ab
791 1422 903 1482 senatu
932 1435 1110 1500 regressum
1138 1415 1201 1478 iam
1231 1413 1318 1498 apud

112 1539 369 1587 1.uuaxx.aram
392 1519 543 1586 Ubiorum
567 1518 787 1584 Germanicum
813 1519 939 1584 adeunt.
986 1519 1068 1584 duae
1094 1519 1139 1583 ibi
1164 1518 1318 1602 legionen,

52 1622 55 1627 ’
145 1613 230 1665 ⁹⁸⁹¹⁰¹l
282 1623 383 1708 prima
416 1629 512 1705 atque
546 1622 728 1705 vicensima,
763 1625 969 1706 veteranique
996 1643 1102 1708 ,nuper
1136 1622 1223 1687 missi
1257 1623 1317 1686 sub

282 1727 399 1792 vexillo
421 1727 614 1792 hiemabant.
652 1726 785 1811 pavidos
809 1734 840 1792 et
863 1727 1056 1793 conscientia
1077 1725 1249 1791 vaecordes
1271 1726 1318 1790 in·

282 1837 343 1896 trat
365 1837 484 1896 metus:
508 1830 635 1896 venisse
657 1837 781 1914 patrum
797 1831 885 1896 iussu
900 1831 953 1913 qui
969 1831 1064 1896 inrita
1079 1831 1220 1895 facerent
1235 1849 1318 1912 quae

282 1954 339 2018 per
361 1933 548 2000 seditionem
570 1941 800 2019 expresserant.
843 1941 939 2017 utque
962 1955 1030 2000 mos
1052 1935 1146 2018 vulgo
1170 1935 1317 2017 quamvis

282 2037 371 2103 falsis
393 2057 481 2102 reum
504 2037 648 2119 subdere,
671 2039 846 2103 Munatium
868 2040 1020 2104 Plancum
1043 2039 1207 2104 consulatu
1230 2038 1317 2104 func·

283 2148 360 2222 turn,
396 2141 572 2225 principem
608 2142 784 2226 legationis,
822 2150 981 2208 auctorem
1019 2148 1147 2208 senatus
1183 2142 1318 2208 consulti

283 2245 442 2329 incusant,
466 2251 498 2310 et
519 2252 612 2310 noete
635 2246 788 2312 concubia
809 2247 960 2312 vexillum
980 2246 1013 2311 in
1029 2246 1121 2312 domo
1137 2246 1318 2312 Germanici

283 2350 377 2415 situm
406 2348 551 2432 flagitare
581 2349 739 2434 occipiunt
769 2370 983 2432 concursuque
1012 2349 1053 2415 ad
1081 2351 1209 2415 ianuam
1232 2349 1317 2416 facto

283 2454 452 2518 moliuntur
481 2453 573 2534 fores,
603 2460 778 2519 extractum
806 2454 901 2519 cubili
924 2455 1093 2520 Gaesarem
1121 2453 1245 2536 tradere
1266 2474 1319 2520 ve-

283 2558 393 2623 xillum
416 2558 537 2623 intento
560 2559 669 2623 mortis
691 2566 777 2623 metu
799 2559 957 2642 subigunt.
989 2579 1065 2623 mcx
1084 2559 1159 2641 vagi
1175 2578 1231 2643 per
1249 2558 1317 2624 vias

259 2650 393 2728 ¹obvios
422 2661 562 2729 habuere
592 2663 723 2747 legatos,
754 2662 863 2727 audita
894 2663 1147 2729 consternatione
1174 2661 1216 2727 ad
1244 2662 1318 2728 Ger·

283 2767 440 2832 manicam
467 2765 644 2831 tendentes.
682 2767 830 2851 ingerunt
861 2768 1077 2848 contumeliae,
1109 2767 1238 2831 eaedem
1264 2788 1317 2851 pa-

282 2877 363 2952 rant,
390 2871 507 2935 Planco
534 2871 684 2952 maxime,
713 2890 807 2953 quem
830 2869 970 2954 dignitas
992 2871 1069 2955 fuga
1092 2870 1316 2956 impediverat3

283 2994 387 3057 neque
413 2974 499 3039 aliud
526 2975 716 3058 periclitanti
743 2974 918 3041 subsidium
946 2996 1040 3058 quam
1067 2982 1171 3040 castra
1198 2975 1319 3058 primae

284 3079 427 3162 legionis.
465 3078 529 3143 illic
552 3079 645 3163 signa
667 3086 698 3144 et
720 3079 860 3162 aquilam
881 3081 1047 3165 amplexus
1074 3080 1226 3163 religione
1249 3098 1318 3145 sese

284 3184 454 3264 tutabatur,
485 3203 524 3248 ac
551 3183 583 3247 ni
606 3182 753 3266 aquilifer
777 3184 964 3268 Calpurnius
986 3185 1051 3249 vim
1075 3190 1250 3248 extremam
1273 3203 1319 3248 ar-

285 3286 410 3370 cuisset,
433 3308 536 3352 rarum
560 3287 655 3352 etiam
677 3287 760 3352 inter
781 3287 899 3369 hostes,
922 3289 1045 3372 legatus
1060 3288 1168 3372 populi
1183 3288 1318 3352 Romani

284 3391 435 3456 Romanis
465 3392 497 3455 in
529 3391 640 3456 castris
670 3391 825 3476 sanguine
855 3411 911 3455 suo
934 3392 1045 3456 altaria
1067 3391 1162 3456 deum
1186 3411 1318 3456 comma-

286 3495 462 3560 culavisset.
493 3495 562 3560 luce
583 3494 719 3577 demum,
742 3503 908 3579 postquam
932 3495 998 3560 dux
1021 3503 1052 3560 et
1074 3497 1164 3561 miles
1184 3502 1215 3560 et
1235 3494 1320 3560 faeta

285 3600 505 3680 noscebantur,
528 3600 690 3683 ingressus
714 3607 817 3665 castra
840 3600 1046 3665 Germanicus
1068 3599 1197 3685 perduci
1219 3599 1262 3665 ad
1285 3620 1319 3666 se

286 3703 436 3767 Plancum
458 3703 592 3787 imperat
613 3703 795 3787 recepitque
818 3704 851 3768 in
873 3704 1019 3769 tribunal.
1048 3711 1114 3768 turn
1130 3704 1260 3769 fatalem
1274 3703 1319 3769 in-

80 3824 162 3968 *
286 3826 419 3891 crepans
441 3807 570 3888 rabiem,
594 3828 697 3890 neque
720 3809 864 3890 militum,
888 3808 945 3874 sed
964 3808 1059 3874 deum
1078 3808 1125 3872 ira
1145 3827 1320 3892 resurgere,

276 3929 335 3976 cur
365 3911 513 3978 venerint
542 3912 642 4000 legati
672 3912 790 4000 aperit,
818 3913 869 3978 ius
896 3912 1063 3996 legationis
1095 3919 1190 3994 atque
1217 3911 1320 3996 ipsius
