2760 4214
444 179 469 217 a.
482 163 515 217 u.
529 179 551 216 c.
565 159 624 218 rer.
652 177 677 229 p.
691 161 754 216 cnr.
769 165 809 218 14.
1124 148 1144 210 3

105 336 184 421 perii
214 343 269 401 aut
296 335 428 421 dignum
455 338 495 401 ob
524 337 709 421 praemium.
757 335 841 401 donri
868 356 919 402 res
946 337 1143 419 tranquillae,

105 440 218 506 eadem
246 441 485 524 magistratuum
514 441 684 524 vocabula,
717 440 856 505 iuniores
882 446 954 523 post
980 441 1144 505 Actiacam

105 544 280 626 victoriam,
309 545 404 609 etiam
428 565 521 610 senes
544 545 688 629 plerique
711 545 795 609 inter
816 544 900 609 bella
923 544 1039 608 civium
1063 545 1143 608 nati:

57 647 60 654 ’
104 649 375 731 quotusquisque
397 648 546 731 reliquus,
571 648 625 730 qui
646 668 713 712 rem
735 647 894 732 publicam
917 646 1071 713 vidisset?

209 752 239 816 4.
262 753 364 836 Igitur
389 771 481 817 verso
510 751 648 817 civitatis
674 758 758 817 statu
785 751 866 816 nihil
892 772 1027 834 usquam
1049 752 1143 837 prisci
1177 767 1304 820 commuta

106 863 138 921 et
160 857 275 940 integri
295 856 404 921 moris:
428 876 538 922 omnes
558 863 656 921 exuta
675 856 868 938 aequalitate
887 855 974 921 iussa
993 856 1145 941 principis
1165 838 1317 959 &affigam

104 967 280 1045 aspectare,
310 959 397 1024 nulla
423 959 457 1023 in
486 980 639 1044 praesens
670 960 849 1043 formidine,
880 959 955 1025 dum
983 961 1145 1044 Augustus

105 1071 212 1130 aetate
241 1063 366 1129 validus
397 1084 495 1146 seque
524 1071 556 1128 et
585 1065 714 1129 domum
745 1071 777 1130 et
803 1085 915 1148 pacem
944 1064 1143 1131 sustentavit.

106 1177 273 1253 postquam
295 1176 445 1252 provecta
464 1169 527 1233 iam
549 1177 696 1234 senectus
716 1190 812 1252 aegro
833 1175 865 1234 et
885 1190 1014 1254 corpore
1034 1169 1145 1253 fatiga·

106 1273 200 1338 batur
225 1272 398 1355 aderatque
425 1273 498 1338 finis
528 1280 558 1338 et
586 1294 660 1358 spes
688 1294 800 1355 novae,
829 1275 922 1358 pauci
949 1274 1034 1339 bona
1055 1274 1144 1338 liber-

105 1378 180 1443 tatis
207 1377 240 1441 in
269 1397 393 1442 cassum
416 1375 583 1459 disserere,
612 1379 718 1462 plures
741 1378 858 1442 bellum
881 1398 1064 1461 pavescere,
1091 1376 1145 1441 alii

106 1501 230 1566 cupere.
277 1501 350 1565 pars
377 1482 474 1546 multo
501 1481 643 1546 maxima
669 1482 853 1547 inminentis
881 1482 1025 1547 dominos
1048 1481 1146 1548 variis

105 1586 283 1651 rumoribus
316 1584 520 1650 differebant:
555 1593 675 1651 trucem
706 1586 882 1671 Agrippam
913 1593 945 1651 et
971 1586 1146 1671 ignominia

105 1710 275 1755 accensum
306 1710 369 1753 non
399 1695 505 1754 aetate
536 1709 639 1772 neque
670 1711 774 1755 rerum
809 1690 1008 1774 experientia
1037 1696 1145 1755 tantae

106 1795 181 1859 moli
203 1814 323 1879 parem,
346 1793 509 1857 Tiberium
531 1794 691 1858 Neronem
714 1793 872 1858 maturum
895 1795 998 1875 annis,
1026 1801 1146 1878 specta-

107 1905 173 1963 tum
206 1899 303 1978 bello,
338 1902 387 1962 set
420 1903 528 1962 vetere
561 1903 657 1979 atque
690 1898 787 1962 insita
821 1897 974 1963 Claudiae
1007 1897 1145 1961 familiae

106 2002 266 2086 superbia,
289 2000 452 2082 multaque
472 1998 591 2064 indicia
610 2001 773 2082 saevitiae,
797 2021 988 2084 quamquam
1003 2020 1146 2085 preman-

107 2113 167 2187 tur,
195 2124 368 2189 erumpere.
414 2104 499 2168 bunc
526 2111 558 2168 et
584 2105 686 2188 prima
712 2107 754 2170 ab
783 2105 920 2170 infantia
943 2104 1090 2170 eductum
1112 2103 1144 2167 in

107 2209 201 2276 domo
220 2208 411 2292 regnatrice3
436 2214 604 2292 congestos
620 2209 727 2273 iuveni
745 2210 934 2292 consulatus,
956 2206 1144 2292 triumphos;

106 2314 209 2379 neiis
233 2311 362 2395 quidem
383 2313 487 2395 annis,
512 2313 627 2395 quibus
649 2313 753 2380 Rhodi
778 2313 883 2398 specie
907 2333 1050 2379 secessus
1073 2312 1147 2376 exul

107 2417 217 2502 egerit,
251 2415 338 2481 aliud
373 2437 467 2499 quam
500 2417 580 2481 iram
615 2423 647 2482 et
680 2418 914 2482 simulationem
947 2424 979 2481 et
1009 2423 1146 2481 secretas

107 2521 256 2587 libidines
279 2520 475 2586 meditatum.
504 2521 657 2586 accedere
680 2529 814 2586 matrem
837 2521 982 2585 muliebri
1005 2521 1147 2604 inpoten-

106 2626 165 2690 tia:
194 2623 397 2690 serviendum
420 2624 557 2689 feminae
581 2625 767 2707 duobusque
789 2625 918 2709 insuper
939 2623 1147 2689 adulescenti-

107 2731 182 2810 bus,
217 2730 271 2811 qui
304 2749 371 2793 rem
405 2729 565 2813 publicam
599 2730 725 2794 interim
759 2734 919 2813 premant,
958 2727 1147 2811 quandoque

107 2832 294 2898 distrahant.

212 2938 242 3000 5.
267 2937 356 3001 Haec
375 2943 472 3020 atquc
492 2937 568 3001 talia
583 2936 779 3021 agitantibus
795 2956 982 3021 gravescere
998 2934 1147 3000 valetudo
1191 2952 1237 2996 aa
1257 2952 1294 2995 aa

108 3040 253 3124 Augusti,
282 3047 314 3106 et
340 3039 469 3123 quidam
492 3042 595 3106 scelus
617 3042 726 3107 uxoris
748 3042 983 3124 suspectabant.
1030 3037 1147 3123 quippe
1186 3021 1296 3135 '‘³222“

108 3165 213 3210 rumor
235 3145 417 3228 incesserat,
441 3164 559 3229 paucos
581 3151 656 3209 ante
679 3165 805 3210 menses
827 3145 1015 3228 Augustum,
1039 3143 1148 3209 electis
1186 3160 1298 3213 amica

109 3248 245 3314 consciis
265 3255 297 3313 et
317 3249 432 3313 comite
452 3269 515 3314 uno
531 3249 632 3313 Fabio
648 3248 798 3329 Maximo,
821 3248 1001 3312 Planasiam
1021 3254 1147 3311 vectum
1166 3229 1319 3276 “mm'‘

110 3350 153 3416 ad
178 3352 348 3418 visendum
369 3352 558 3438 Agrippam,
590 3353 705 3418 multas
732 3352 795 3416 illic
822 3353 979 3434 utrimque
1002 3351 1148 3416 lacrimas

112 3462 143 3521 et
163 3457 255 3541 signa
271 3457 412 3522 caritatis
428 3477 580 3542 spemque
597 3477 638 3521 ex
654 3477 691 3521 eo
706 3456 775 3521 fore
790 3463 824 3521 ut
840 3456 963 3521 iuvenis
979 3453 1148 3539 penatibus

109 3559 164 3625 avi
186 3559 379 3626 redderetur.
404 3560 489 3644 quod
505 3561 680 3625 Maximum
701 3561 793 3626 uxori
815 3560 952 3625 Marciae
974 3560 1147 3643 aperuisse,

111 3663 197 3729 illam
230 3664 351 3731 Liviae.
397 3686 530 3750 gnarum
565 3664 598 3729 id
633 3665 775 3749 Caesari3
809 3685 913 3747 neque
947 3665 1044 3728 multo
1078 3670 1149 3747 post

112 3769 252 3835 extincto
276 3764 426 3852 Maximo,
451 3769 581 3835 dubium
603 3765 814 3852 an‘quaesita
836 3775 953 3850 morte,
970 3767 1105 3832 auditos
1118 3767 1166 3826 ‘nn

111 3872 223 3940 funere
257 3874 324 3940 eius
355 3875 494 3944 Marciae
528 3876 672 3966 gemitus
711 3883 820 3946 semet
855 3872 1064 3948 incusantis,
1099 3861 1198 3944 ruffi

1065 3969 1100 4017 b*
