2760 4214
467 201 491 240 a.
505 185 538 240 u.
552 200 574 239 o.
589 187 647 240 774.
671 201 698 252 p.
714 183 777 238 chr.
790 186 833 239 ar.
1111 163 1173 227 103

218 358 268 422 34.
293 359 470 424 Paucorum
492 358 573 424 haec
596 357 735 424 adsensu
758 355 883 420 audita:
907 356 1013 440 plures
1028 354 1173 419 obturba-
1216 353 1321 400 ddum
1364 360 1366 364 '

131 465 219 542 bant,
242 482 346 543 neque
369 463 503 527 relatum
526 461 566 527 de
588 461 717 545 negotio
734 480 837 543 neque
855 458 1026 525 Caecinam
1041 456 1173 542 dignum
1198 425 1340 550 mm

132 572 240 630 tantae
255 566 301 630 rei
318 586 489 631 censorem.
520 587 596 631 mox
608 564 754 630 Valerius
768 563 968 643 Messalinus,
992 561 1043 626 cui
1058 581 1173 646 parens
1236 567 1300 610 ”lm

131 669 278 735 Messalla
308 669 473 751 ineratque
496 670 601 752 imago
624 675 777 753 paternae
800 665 980 746 facundiae,
1010 664 1174 750 respondit
1191 633 1342 758 {ww

134 774 234 837 multe
249 771 383 837 duritiae
399 779 543 838 veterum
558 774 590 837 in
607 772 720 837 melius
737 778 768 835 et
783 771 896 836 laetius
911 776 1045 854 mutate3
1069 789 1173 851 neque

133 876 227 957 enim,
250 882 285 940 ut
308 876 392 957 olim,
424 874 563 941 obsideri
592 877 704 941 urbem
727 875 818 941 bellis
841 880 896 939 aut
918 873 1098 958 provincias
1121 872 1173 939 ho-

133 979 213 1044 stilis
246 998 325 1045 esse.
365 985 396 1043 et
418 999 522 1064 pauca
544 979 735 1044 feminarum
761 978 1005 1043 necessitatibus
1032 976 1172 1059 concedi,

132 1102 214 1164 quae
247 1103 289 1147 ne
323 1082 493 1167 coniugum
527 1083 656 1166 quidem
685 1089 830 1168 penates,
865 1081 946 1147 adeo
977 1082 1079 1148 socios
1108 1102 1173 1146 non

131 1192 276 1270 onerent;
308 1192 414 1252 cetera
443 1187 599 1271 promisca
629 1207 700 1251 cum
729 1187 841 1250 marito
869 1205 929 1250 nec
951 1186 1048 1250 ullum
1075 1185 1108 1249 in
1136 1205 1173 1250 eo

131 1289 219 1372 pacis
241 1288 513 1373 impedimentum.
546 1290 630 1355 bella
652 1290 748 1375 plane
763 1289 915 1355 accinctis
930 1287 1091 1373 obeunda;
1116 1288 1173 1354 sed

131 1393 364 1459 revertentibus
386 1401 458 1478 post
479 1395 621 1459 laborem
637 1393 721 1475 quod
736 1392 900 1458 honestius
916 1412 1011 1475 quam
1026 1393 1173 1457 uxorium

131 1496 368 1562 levamentum?
406 1503 440 1561 at
462 1497 617 1578 quasdam
644 1497 678 1561 in
700 1496 904 1562 ambitionem
927 1502 983 1560 aut
1005 1495 1173 1560 avaritiam

131 1600 304 1685 prolapsas.
329 1600 428 1683 quid?
451 1601 591 1685 ipsorum
614 1601 855 1684 magistratuum
877 1620 984 1665 nonne
1006 1599 1173 1684 plerosque

132 1704 230 1768 variis
260 1703 446 1768 libidinibus
477 1705 654 1770 obnoxios?
692 1725 757 1769 non
783 1710 890 1769 tamen
916 1702 989 1769 ideo
1012 1703 1173 1769 neminem

130 1806 163 1870 in
186 1806 384 1891 provinciam
398 1808 491 1872 mitti.
524 1814 685 1892 corruptos
701 1827 797 1892 saepe
812 1807 1022 1891 pravitatibus
1037 1827 1172 1871 uxorum

131 1911 274 1975 maritos:
306 1931 382 1975 num
413 1931 488 1995 ergo
519 1912 622 1977 omnis
651 1912 788 1977 caelibes
818 1911 981 1995 integros?
1015 1910 1172 1995 placuisse

131 2013 291 2095 quondam
307 2013 426 2098 Oppias
449 2015 548 2098 leges,
572 2014 617 2080 sic
637 2015 831 2098 temporibus
846 2015 893 2079 rei
907 2015 1054 2099 publicae
1069 2019 1172 2098 postu-

130 2118 283 2200 lantibus;
317 2117 485 2182 remissum
519 2117 640 2201 aliquid
674 2126 784 2202 postea
813 2125 844 2183 et
873 2119 1063 2201 mitigatum,
1098 2118 1173 2199 quia

131 2219 317 2304 expedierit.
357 2221 475 2286 frustra
503 2229 644 2288 nostram
673 2223 836 2306 ignaviam
862 2223 927 2287 alia
952 2221 994 2286 ad
1016 2221 1172 2287 voeabula

134 2324 311 2389 transferri:
335 2345 410 2389 nam
432 2326 493 2391 viri
515 2327 549 2390 in
573 2347 609 2391 eo
633 2328 767 2410 culpam,
791 2327 818 2392 si
840 2326 960 2391 femina
975 2325 1103 2391 modum
1119 2346 1172 2390 ex-

133 2426 234 2492 cedat.
273 2449 365 2512 porro
395 2430 436 2494 ob
466 2429 560 2495 unius
589 2437 645 2495 aut
670 2430 800 2496 alterius
826 2429 1008 2494 inbecillum
1030 2430 1171 2494 animum

132 2531 215 2596 male
245 2531 324 2616 eripi
354 2533 476 2597 maritis
506 2533 665 2598 consortia
693 2553 797 2598 rerum
825 2531 1035 2598 secundarum
1062 2531 1171 2597 adver-

133 2654 312 2717 sarumque.
351 2635 445 2700 simul
467 2656 581 2702 sexum
603 2642 717 2701 natura
739 2635 915 2700 invalidum
938 2634 1041 2700 deseri
1064 2641 1096 2700 et
1119 2654 1171 2700 ex-

131 2738 207 2822 poni
231 2758 286 2803 suo
309 2739 397 2819 luxu,
427 2739 630 2824 cupidinibus
651 2740 774 2806 alienis.
809 2740 866 2804 vix
888 2738 1049 2824 praesenti
1072 2745 1170 2803 custo

131 2839 185 2905 dia
214 2861 343 2907 manere
373 2842 495 2908 inlaesa
524 2843 684 2928 coniugia:
717 2843 793 2926 quid
822 2843 900 2925 fore,
931 2842 958 2908 si
984 2842 1170 2927 perplures

129 2963 231 3008 annos
254 2945 287 3008 in
309 2944 438 3010 modum
461 2944 586 3011 discidii
608 2947 849 3012 oblitterentur?
873 2946 919 3012 sic
941 2946 1068 3012 obviam
1088 2945 1171 3010 irent

131 3048 179 3128 iis,
204 3069 285 3130 quae
307 3049 384 3114 alibi
406 3057 623 3135 peccarentur,
647 3058 681 3116 ut
703 3050 895 3136 flagitiorum
909 3051 997 3117 urbis
1012 3050 1169 3116 meminis-

131 3158 211 3217 sent.
250 3151 374 3217 addidit
403 3174 506 3239 pauca
535 3157 658 3221 Drusus
688 3154 729 3220 de
755 3155 956 3222 matrimonio
989 3175 1059 3238 suo;
1094 3174 1169 3218 nam

128 3255 326 3341 principibus
348 3256 497 3323 adeunda
520 3260 647 3343 saepius
669 3259 844 3343 longinqua
865 3259 998 3343 imperii.
1023 3256 1169 3339 quotiens

128 3351 238 3424 divum
260 3360 440 3444 Augustum
469 3362 502 3426 in
531 3362 737 3428 Occidentem
766 3368 862 3445 atque
893 3361 1056 3427 Orientem
1086 3379 1168 3425 mea-

127 3463 213 3529 visse
243 3465 358 3529 comite
380 3464 486 3529 Livia!
522 3485 557 3530 se
589 3486 713 3549 quoque
735 3466 776 3531 vin
798 3465 962 3550 Illyricum
991 3463 1168 3549 profectum

128 3573 168 3648 et,
193 3568 219 3634 si
240 3568 286 3633 ita
308 3568 474 3652 conducat,
497 3570 578 3636 alias
600 3570 642 3635 ad
663 3577 777 3655 gentes
792 3570 918 3651 iturum,
941 3568 1028 3634 haud
1043 3588 1169 3653 semper

126 3690 228 3754 aequo
256 3672 371 3752 animo,
402 3672 429 3736 si
459 3674 500 3738 ab
523 3694 623 3740 uxore
646 3674 810 3740 carissima
832 3679 864 3739 et
887 3679 932 3738 tot
955 3672 1168 3738 communium

127 3775 296 3840 liberorum
326 3782 459 3859 parente
489 3775 699 3843 divelleretur.
746 3777 792 3842 sic
823 3777 981 3843 Caecinae
1011 3775 1169 3843 sententia

128 3878 216 3943 elusa
239 3885 296 3945 est.
