2760 4214
189 159 232 223 50
431 173 480 227 Ab
499 189 616 229 excessu
634 175 667 228 D.
681 174 808 243 Augusti
826 175 854 228 II
874 178 984 232 13-17.

16 347 60 392 ¹¹¹¹l
75 347 187 406 ’ΨΜ
278 349 327 412 13.
351 349 452 413 Nocte
481 354 592 431 coepta
620 367 765 431 egressus
792 349 935 432 augurali
962 369 1019 433 per
1046 349 1169 415 occulta
1197 356 1229 414 et

28 417 156 540 sadduco
189 453 337 536 vigilibus
366 453 487 535 ignara,
524 452 638 516 comite
667 472 740 533 uno,
776 458 938 518 contectus
967 473 1093 518 umeros
1123 453 1228 519 ferina

57 558 127 609 ΜΝ
187 556 278 641 pelle,
301 556 369 620 adit
391 562 565 621 castromm
580 557 659 637 vias,
682 555 809 621 adsistit
824 557 1035 623 tabernaculis
1050 557 1227 641 fruiturque

27 628 156 769 „mn
187 661 273 725 fama
285 661 343 741 sui,
360 680 432 724 cum
443 659 495 724 hic
507 661 703 725 nobilitatem
719 659 817 741 ducis,
834 661 982 726 decorem
993 661 1084 743 alius,
1100 662 1228 745 plurimi

22 785 108 838 aaron
122 786 161 837 uo
187 764 382 848 patientiam,
414 765 603 845 comitatem,
631 785 688 847 per
711 765 793 829 seria
815 785 871 848 per
893 765 978 830 iocos
1002 764 1138 830 eundem
1162 767 1228 831 ani-

27 855 67 898 m
81 855 153 907 Μ’
186 889 273 932 mum
306 867 452 934 laudibus
486 868 605 933 ferrent
637 866 895 950 reddendamque
928 869 1063 952 gratiam
1093 870 1127 933 in
1157 871 1226 935 acie

186 972 370 1052 faterentur,
406 973 498 1037 simul
528 971 666 1056 perfidos
697 978 729 1036 et
757 979 901 1055 ruptores
931 973 1020 1056 pacis
1050 973 1161 1038 ultioni
1195 981 1227 1039 et

185 1077 305 1160 gloriae
335 1076 530 1141 mactandos.
576 1076 659 1140 inter
689 1096 771 1157 quae
801 1096 883 1141 nnus
912 1076 1060 1158 hostium,
1091 1078 1226 1143 Latinae

184 1181 310 1263 linguae
334 1180 447 1261 sciens,
471 1186 541 1244 acto
561 1179 604 1243 ad
619 1180 737 1244 vallum
753 1200 834 1261 equo
849 1200 928 1244 voce
943 1201 1060 1264 magna
1076 1181 1226 1266 coniuges

184 1291 216 1349 et
238 1304 332 1368 agros
354 1290 386 1349 et
408 1284 558 1368 stipendii
580 1285 614 1348 in
637 1283 715 1364 dics,
739 1283 839 1348 donec
862 1285 1040 1366 bellaretur,
1063 1286 1226 1351 sestertios

184 1394 342 1469 centenos,
366 1389 393 1453 si
417 1390 486 1471 quis
502 1388 733 1471 transfugisset,
757 1388 892 1452 Arminii
907 1389 1034 1454 nomine
1049 1389 1223 1473 pollicetur.

182 1492 319 1557 intendit
342 1513 380 1557 ea
403 1493 591 1557 contumelia
613 1493 772 1575 legionum
795 1492 872 1557 iras:
896 1493 1020 1558 veniret
1035 1492 1113 1574 dies,
1137 1492 1226 1560 dare

182 1604 233 1661 tur
254 1617 376 1681 pugna3
401 1603 598 1680 sumpturum
620 1596 752 1660 militem
768 1595 996 1661 Germanorum
1018 1617 1121 1681 agros,
1146 1604 1225 1663 trac-

182 1707 287 1764 turum
303 1701 465 1784 coniugem
487 1701 631 1784 accipere
647 1720 740 1765 omen
756 1707 787 1764 et
802 1701 1003 1765 matrimonia
1018 1721 1056 1765 ac
1070 1702 1224 1786 pecunias

182 1803 319 1868 hostium
335 1803 473 1888 praedae
490 1803 657 1868 destinare.
683 1805 775 1868 tertia
791 1802 890 1868 ferme
906 1805 1015 1888 vigilia
1029 1803 1224 1870 adsultatum

182 1916 231 1972 est
265 1909 385 1987 castris,
425 1909 492 1972 sine
527 1909 670 1972 coniectu
704 1908 767 1988 teli,
802 1915 971 1991 postquam
1005 1910 1132 1974 crebras
1166 1930 1223 1993 pro

181 2012 385 2077 munimentis
408 2011 550 2076 cohortes
574 2019 605 2075 ct
627 2010 706 2075 nihil
729 2012 894 2076 remissum
917 2032 1052 2078 sensere.

19 2116 150 2195 aracusa
270 2114 319 2178 14.
344 2116 417 2179 Nox
442 2113 553 2178 eadem
575 2115 692 2178 laetam
708 2114 895 2180 Germanico
916 2116 1054 2197 quietern
1071 2116 1151 2197 tulit,
1179 2117 1223 2182 vi·

6 2185 164 2325 ἑᾜίἳζῗη
181 2219 289 2301 ditque
312 2238 347 2283 se
370 2225 534 2302 operatum
557 2225 588 2282 et
611 2219 765 2301 sanguine
788 2220 869 2283 sacri
891 2240 1036 2304 respersa
1054 2227 1223 2304 praetexta

26 2343 67 2385 aar
80 2342 141 2395 seer.
180 2322 390 2407 pulchriorem
423 2323 518 2386 aliam
552 2323 698 2386 manibus
731 2324 823 2387 aviae
853 2325 1017 2408 Augustae
1047 2326 1220 2409 accepisse.

180 2433 292 2491 auctus
313 2427 427 2506 omine,
451 2425 672 2490 addicentibus
694 2427 854 2510 auspiciis,
878 2433 972 2492 vocat
994 2429 1172 2493 contionem
1189 2435 1221 2495 et

180 2551 261 2614 quac
284 2531 442 2615 sapientia
464 2530 591 2614 provisa
605 2536 743 2613 aptaque
759 2531 925 2595 inminenti
940 2552 1067 2616 pugnae
1084 2531 1219 2598 disserit.

180 2656 242 2699 non
266 2655 395 2718 campos
418 2633 511 2699 modo
534 2633 626 2697 militi
641 2635 783 2698 Romano
803 2634 846 2697 ad
860 2636 1014 2719 proelium
1029 2636 1138 2717 honos,
1162 2636 1220 2702 sed

180 2740 207 2803 si
236 2738 315 2802 ratio
342 2737 435 2818 adsit,
464 2738 561 2802 silvas
589 2743 621 2801 et
648 2738 760 2822 saltus,
792 2758 852 2802 nec
875 2739 960 2802 enim
982 2740 1129 2805 inmensa
1151 2739 1220 2804 bar-

179 2843 326 2907 barorum
349 2848 447 2921 scuta,
472 2841 609 2907 enormis
631 2840 741 2906 hastas
763 2841 846 2906 inter
868 2848 994 2907 truncos
1017 2844 1165 2908 arborum
1188 2850 1220 2909 et

178 2952 275 3010 enata
296 2944 391 3009 humo
413 2947 551 3028 virgulta
573 2944 706 3029 perinde
726 2945 835 3009 haberi
852 2966 947 3028 quam
961 2947 1027 3030 pila
1042 2953 1074 3011 et
1095 2946 1220 3030 gladios

179 3056 212 3114 et
234 3048 397 3114 haerentia
420 3050 540 3132 corpori
564 3050 712 3132 tegmina.
751 3049 922 3114 denserent
948 3051 1038 3132 ictus,
1070 3071 1125 3116 ora
1155 3071 1220 3116 mu·

178 3154 326 3218 cronibns
349 3159 549 3235 quaererent:
574 3174 637 3217 non
660 3154 788 3217 loricam
803 3153 971 3234 Germano,
996 3175 1060 3220 non
1082 3157 1218 3238 galeam,

177 3279 219 3323 ne
250 3265 339 3323 scuta
370 3258 497 3340 quidem
527 3258 609 3322 ferro
642 3277 778 3322 nervove
808 3256 941 3338 firmata,
977 3258 1035 3323 sed
1065 3260 1220 3325 viminum

131 3358 134 3364 ’
176 3369 285 3428 textus
308 3363 359 3427 vel
387 3362 490 3426 tenuis
517 3368 549 3427 et
570 3362 692 3426 fucatas
716 3362 817 3426 colore
840 3361 978 3446 tabulas3
1009 3363 1144 3446 primam
1174 3371 1220 3428 ut-

175 3487 312 3549 cumque
334 3467 436 3530 aciem
458 3466 626 3547 hastatam,
650 3466 764 3530 ceteris
783 3472 932 3549 praeusta
947 3472 1002 3530 aut
1018 3467 1128 3531 brevia
1143 3468 1217 3531 tela.

176 3571 241 3634 iam
264 3590 377 3654 corpus
400 3576 434 3633 ut
456 3572 526 3635 risu
550 3580 673 3634 torvum
697 3569 792 3635 etad
814 3571 944 3634 brevem
967 3571 1121 3653 impetum
1143 3571 1219 3634 vali-

174 3674 262 3755 dum,
287 3676 332 3738 sic
355 3674 441 3737 nulla
463 3676 629 3740 vulnerum
651 3675 820 3758 patientia:
856 3674 924 3738 sine
952 3673 1071 3758 pudore
1093 3672 1217 3756 flagitii,

175 3779 246 3843 sine
269 3798 344 3842 cura
367 3776 482 3841 ducum
509 3778 607 3858 abire,
637 3778 757 3861 fugere,
788 3776 922 3861 pavidos
951 3776 1105 3858 adversis,
1135 3777 1219 3841 inter

169 3880 316 3946 secunda
339 3901 403 3945 non
426 3879 536 3962 divini,
560 3901 624 3946 non
638 3879 769 3944 hnmani
784 3881 861 3945 iuris
876 3900 1039 3946 memores.
1068 3880 1096 3946 si
1112 3880 1218 3946 taedio
