2760 4214
502 167 526 204 a.
540 150 572 205 U.
586 165 608 204 c.
623 153 683 205 767.
710 167 736 219 p.
750 148 814 203 Chr.
828 152 868 205 14.
1160 131 1201 195 25

167 324 321 406 Auguste,
349 325 437 389 caelo
460 330 588 408 recepta
610 343 709 407 mens,
735 330 798 403 tua,
829 329 919 407 pater
940 324 1053 403 Druse,
1085 322 1200 406 imago,

164 427 212 491 tui
234 428 386 494 memoria
408 427 510 493 isdem
532 428 602 492 istis
625 447 696 492 cum
719 427 881 509 militibus,
914 446 991 508 quos
1014 426 1078 490 iam
1101 423 1202 509 pudor

165 536 198 594 et
219 531 319 614 gloria
341 532 446 612 intrat,
475 530 582 596 eluant
603 530 687 596 hanc
708 530 865 595 maculam
888 530 1014 611 irasque
1037 529 1146 594 civiles
1168 528 1201 593 in

166 634 299 699 exitium
320 634 464 700 hostibus
486 641 621 700 vertant.
653 654 710 700 vos
734 654 867 716 quoque,
892 653 1023 715 quorum
1039 633 1102 697 alia
1117 653 1201 697 nunc

165 759 230 820 ora,
253 739 316 803 alia
338 746 466 824 pectora
489 745 647 822 contueor,
671 739 698 804 si
717 739 839 822 legatos
859 738 992 818 senatui,
1016 737 1201 819 obsequium

166 842 357 926 imperatori,
381 845 408 909 si
430 843 507 908 milri
531 843 698 926 coniugem
719 848 750 907 et
769 842 869 906 filium
884 840 1025 922 redditis,
1050 840 1202 906 discedite

163 966 186 1009 a
209 953 355 1012 contactu
377 967 416 1011 ac
439 947 572 1012 dividite
594 946 750 1012 turbidos:
781 945 815 1009 id
842 944 955 1011 stabile
977 945 1020 1009 ad
1041 945 1202 1030 paeniten-

165 1049 253 1130 tiam,
277 1050 309 1114 id
331 1050 408 1116 fidei
429 1052 590 1116 vinculum
613 1046 692 1115 erit.³

252 1154 304 1218 44.
328 1155 495 1239 Supplices
522 1153 565 1219 ad
591 1154 672 1219 haec
698 1161 730 1220 et
756 1162 836 1218 vera‘
860 1153 1044 1237 exprobrari
1066 1152 1203 1218 fatentes
1227 1146 1375 1200 mmmm·

167 1260 301 1323 orabant
326 1260 453 1343 puniret
480 1260 603 1342 noxios,
633 1260 811 1344 ignosceret
837 1259 935 1343 lapsis
962 1264 993 1323 et
1020 1258 1148 1323 duceret
1170 1259 1203 1323 in
1235 1234 1361 1348 {lssffi

167 1360 304 1446 hostem;
335 1370 534 1429 revocaretur
556 1364 706 1445 coniunx,
737 1363 853 1429 rediret
875 1363 1035 1446 legionum
1058 1363 1203 1426 alumnus
1255 1373 1340 1419 anua.

168 1485 250 1531 neve
272 1467 366 1532 obses
388 1466 487 1532 Gallis
509 1467 695 1533 traderetur.
733 1467 869 1532 reditum
891 1466 1088 1550 Agrippinae
1111 1486 1204 1531 exeu-

167 1569 251 1634 savit
266 1570 306 1636 ob
322 1571 529 1637 inminentem
544 1579 670 1655 partum
687 1578 718 1636 et
732 1570 884 1654 hiemem;
908 1576 1075 1635 venturum
1089 1568 1203 1634 filium:

168 1679 273 1738 cetera
294 1675 356 1759 ipsi
379 1682 636 1758 exsequerentur.
668 1675 847 1740 discurrunt
862 1675 974 1739 mutati
990 1679 1021 1738 et
1036 1672 1204 1738 seditiosis-

169 1778 283 1843 simum
317 1799 473 1862 quemque
507 1780 631 1846 vinctos
665 1778 794 1844 trahunt
827 1777 869 1842 ad
902 1779 1041 1862 legatum
1071 1778 1205 1861 legionis

169 1883 290 1965 primae
321 1883 355 1950 Ο.
379 1885 591 1965 Caetronium,
623 1884 675 1966 qui
708 1882 860 1947 iudicium
887 1888 918 1946 ct
941 1902 1059 1966 poenas
1082 1881 1121 1947 de
1144 1881 1205 1948 sin-

167 1985 251 2068 gulis
273 1987 306 2051 in
329 1986 413 2052 hunc
437 1987 564 2052 modurn
588 1987 738 2052 exercuit.
770 1987 898 2051 stabant
920 2006 976 2070 pro
999 1986 1145 2051 contione
1165 1987 1206 2051 le·

167 2090 280 2172 giones
302 2091 459 2157 destrictis
481 2091 611 2176 gladiis,
639 2111 712 2156 reus
734 2091 767 2155 in
791 2096 943 2175 suggestu
967 2109 1023 2174 per
1045 2090 1205 2155 tribunum

168 2193 407 2260 ostendebatur:
431 2195 459 2260 si
474 2202 640 2260 nocentem
656 2194 922 2273 adclamaverant,
945 2213 1097 2277 praeceps
1113 2193 1206 2258 datus

169 2298 395 2364 trucidabatur.
434 2306 465 2365 et
488 2299 649 2385 gaudebat
673 2299 824 2365 caedibus
847 2299 948 2379 miles,
976 2304 1137 2379 tamquam
1160 2318 1206 2363 se-

169 2410 234 2468 met
256 2405 449 2488 absolveret;
473 2425 532 2471 neo
549 2405 667 2470 Caesar
688 2405 827 2485 arcebat,
851 2401 977 2485 quaudo
1000 2403 1085 2467 nullo
1107 2403 1205 2486 ipsius
1249 2420 1251 2424 “

169 2506 258 2572 iussu
280 2528 379 2592 penes
402 2508 530 2574 eosdem
553 2509 687 2574 saevitia
709 2508 785 2572 facti
809 2513 840 2572 et
859 2506 981 2572 invidia
1001 2512 1077 2571 erat.
1106 2507 1206 2572 secuti

169 2613 351 2696 exemplum
366 2614 509 2678 veterani
524 2612 611 2678 haud
626 2614 723 2678 multo
739 2619 810 2696 post
824 2611 857 2675 in
869 2611 1014 2675 Raetiam
1030 2611 1205 2690 mittuntur,

168 2716 276 2798 specie
306 2716 528 2782 defendendae
562 2717 759 2802 provinciae·
776 2717 816 2781 ob
850 2713 1044 2779 imminentis
1075 2715 1205 2796 Suebos,

169 2824 308 2884 ceterum
331 2827 366 2885 ut
388 2822 600 2886 avellerentur
620 2821 732 2886 castris
747 2819 887 2885 trucibus
902 2817 1007 2883 adhuc
1023 2838 1086 2883 non
1103 2819 1207 2885 minus

168 2924 340 3007 asperitate
370 2925 501 2991 remedii
528 2946 623 3009 quam
651 2925 778 2991 sceleris
804 2923 964 2989 memoria.
1011 2923 1205 2988 centuriona-

169 3035 238 3094 tum
260 3029 335 3094 inde
363 3031 436 3114 egit.
483 3031 596 3095 citatus
618 3031 659 3094 ab
683 3031 871 3114 imperatore
898 3047 1024 3109 nomen,
1054 3026 1206 3108 ordinem,

170 3133 315 3217 patriam,
339 3154 505 3199 numerum
527 3134 764 3218 stipendiorum,
789 3154 870 3216 quae
891 3140 1017 3197 strenue
1033 3131 1066 3195 in
1082 3131 1208 3215 proeliis

169 3236 298 3303 fecisset
321 3245 361 3322 et,
386 3238 435 3303 cui
459 3244 557 3320 erant,
581 3237 664 3303 dona
687 3238 835 3302 militaria
862 3236 986 3301 edebat.
1032 3235 1059 3299 si
1080 3234 1207 3314 tribuni,

170 3341 199 3406 si
228 3342 311 3426 legio
340 3342 527 3408 industriam
558 3342 834 3422 innocentiamque
863 3339 1129 3424 adprobaverant‚
1164 3357 1208 3402 re-

169 3445 293 3509 tinebat
315 3445 471 3511 ordinem:
496 3447 550 3511 ubi
569 3446 735 3511 avaritiam
749 3451 805 3509 aut
820 3443 1037 3509 crudelitatem
1053 3461 1208 3507 consensu

173 3549 430 3632 obiectavissent,
454 3551 634 3616 solvebatur
656 3550 776 3615 militia.

259 3655 311 3718 45.
335 3656 388 3722 Sic
415 3655 597 3739 compositis
625 3653 846 3738 praesentibus
868 3650 955 3716 haud
978 3650 1080 3714 minor
1110 3650 1209 3714 mules
1241 3641 1369 3757 ζῖξξἭζ

172 3766 336 3842 supererat
348 3759 388 3824 ob
401 3757 550 3824 ferociam
567 3758 696 3840 quintae
708 3763 739 3822 et
756 3755 1024 3821 unetvicensimae
1036 3752 1212 3835 legionum,
1227 3737 1375 3826 xxrdess

172 3863 429 3946 sexagensimum
459 3861 545 3946 apud
575 3860 714 3948 lapidem
746 3861 829 3951 (loeo
854 3859 981 3928 Vetera
1008 3875 1139 3923 nomen
1166 3850 1237 3932 estq
