2760 4214
215 175 258 239 92
452 190 501 245 Ab
521 206 637 246 excessu
654 192 688 246 D.
702 187 828 260 Augusti
846 191 890 244 111
910 193 1020 246 13-16.

216 365 320 431 studio
335 365 484 432 Pisonem
506 359 620 450 rulgns
643 365 777 430 militum
800 385 856 449 per
876 365 1036 430 licentiam
1053 371 1085 429 et
1100 363 1256 430 sociorum

215 469 345 535 iniurias
369 490 407 535 eo
430 489 531 552 usque
554 470 745 554 conrupisse,
780 476 815 534 ut
837 489 953 553 parens
975 470 1137 552 legionum
1158 489 1179 532 a
1201 468 1256 534 de·

215 573 350 639 terrimis
362 574 588 658 appellaretur3
602 579 711 637 contra
721 573 754 636 in
767 573 920 656 optimum
933 593 1100 655 quemque,
1116 572 1256 638 maxime

215 677 248 739 in
270 677 400 742 comites
416 683 448 742 et
463 677 582 742 amicos
597 677 778 742 Germanici
801 677 955 760 saevisse3
978 683 1136 760 postremo
1152 677 1257 760 ipsum

216 778 438 845 devotionibus
462 786 493 845 et
516 800 640 845 veneno
663 780 849 864 peremisse;
885 800 975 845 sacra
997 779 1073 845 hinc
1095 785 1127 845 et
1149 780 1257 844 immo-

215 882 350 948 lationes
377 883 535 949 nefandas
556 883 656 968 ipsius
678 889 774 966 atque
796 883 979 965 Plancinae,
1006 883 1138 967 petitam
1160 883 1257 948 armis

217 1005 284 1050 rem
306 986 475 1069 publicam,
499 994 596 1069 utque
618 1006 691 1053 rens
714 988 768 1071 agi
790 993 907 1071 posset,
932 988 1000 1052 acie
1022 988 1151 1052 victum.

66 1090 108 1136 ‘tl‘
122 1074 200 1135 &1²⁸
307 1090 356 1154 14.
379 1089 532 1156 Defensio
556 1091 588 1155 in
610 1092 722 1156 ceteris
742 1090 926 1175 trepidavit3
950 1111 1026 1156 nam
1040 1111 1144 1173 neque
1159 1091 1257 1155 ambi-

50 1162 192 1302 &mu
217 1193 336 1258 tionem
363 1193 531 1260 militarem
557 1214 661 1276 neque
688 1194 885 1279 provinciam
906 1194 1045 1278 pessimo
1069 1195 1181 1276 cuique
1204 1194 1258 1260 ob·

54 1322 91 1366 aa
105 1321 190 1366 corta.
218 1296 356 1377 noxiam,
387 1318 428 1363 ne
456 1299 664 1364 contumelias
691 1297 819 1381 quidem
842 1297 1012 1363 adversum
1034 1298 1257 1382 imperatorem

218 1400 346 1465 infitiari
368 1410 500 1486 poterat.
532 1402 632 1468 solum
656 1403 772 1467 veneni
795 1401 914 1466 crimen
935 1402 1023 1467 visus
1046 1409 1094 1467 est
1116 1400 1257 1482 diluisse,
1295 1488 1298 1493 p

219 1503 302 1586 quod
324 1527 365 1571 ne
387 1513 587 1571 accusatores
610 1505 738 1588 quidem
760 1505 837 1571 satis
860 1505 1038 1586 firmabant,
1061 1506 1094 1569 in
1111 1505 1258 1571 convivio

218 1609 408 1690 Germanici,
440 1630 511 1674 cum
542 1630 636 1694 super
666 1630 738 1674 eum
765 1610 838 1675 Piso
869 1608 1091 1691 discumberet,
1122 1608 1258 1674 infectos

218 1712 365 1778 manibus
394 1714 461 1778 eius
492 1714 578 1779 cibos
608 1719 787 1797 arguentes.
832 1713 950 1797 quippe
976 1712 1150 1778 absurdum
1172 1711 1258 1777 vide·

219 1816 312 1881 hatur
340 1816 423 1881 inter
451 1817 557 1882 aliena
584 1817 713 1883 servitia
736 1823 767 1882 et
790 1822 836 1882 tot
858 1816 1052 1881 adstantium
1074 1816 1155 1897 visu,
1187 1816 1256 1900 ipso

219 1919 408 1985 Germanico
432 1941 547 2003 coram,
570 1919 604 1983 id
626 1941 752 2004 ausum;
776 1920 992 2001 offerebatque
1015 1919 1170 1984 familiam
1185 1939 1258 1984 rens

219 2029 251 2086 11
273 2023 432 2089 ministros
454 2023 487 2086 in
511 2030 668 2089 tormenta
690 2023 863 2107 flagitabat.
910 2023 966 2088 sed
989 2022 1110 2088 indices
1133 2044 1190 2107 per
1213 2022 1257 2087 di·
1281 2050 1283 2054 ’

218 2145 312 2190 versa
341 2126 549 2210 inplacabiles
579 2134 679 2208 erant,
715 2127 833 2192 Caesar
859 2127 899 2193 ob
926 2127 1043 2192 bellum
1074 2125 1258 2210 provinciae

218 2229 359 2311 inlatum,
384 2238 513 2296 senatus
536 2250 708 2311 numquam
731 2230 808 2295 satis
832 2230 950 2295 credito
970 2231 1040 2295 sine
1055 2229 1168 2294 fraude
1184 2229 1258 2295 Ger-

219 2333 377 2397 manicum
399 2334 593 2399 interisse..
612 2384 644 2398 ..
676 2333 876 2417 scripsissent
899 2335 1147 2418 expostulantes,
1171 2332 1257 2415 quod

219 2434 305 2500 haud
332 2438 436 2503 minus
457 2437 604 2503 Tiberius
627 2457 721 2520 quam
743 2438 816 2502 Piso
839 2439 988 2503 abnuere.
1028 2437 1121 2502 simul
1149 2437 1259 2521 populi

217 2546 293 2605 ante
316 2541 435 2606 curiam
457 2561 552 2607 voces
574 2541 799 2607 audiebantur:
823 2563 887 2607 non
909 2548 1139 2624 temperaturos
1159 2540 1258 2604 mani-

217 2644 286 2725 bus,
319 2645 345 2710 si
373 2652 497 2729 patrum
520 2646 695 2712 sententias
718 2645 881 2711 evasisset.
920 2644 1107 2728 effigiesque
1130 2643 1256 2710 Pisonis

216 2753 380 2813 traxerant
401 2749 435 2813 in
451 2748 623 2815 Gemonias
645 2769 684 2814 ac
706 2748 911 2830 divellebant‚
935 2748 968 2812 ni
991 2748 1079 2812 iussu
1101 2747 1255 2832 principis

218 2859 380 2935 protectae
409 2853 629 2937 repositaeque
658 2851 771 2919 forent.
810 2853 907 2935 igitur
928 2851 1048 2916 inditus
1071 2851 1202 2916 lecticae
1225 2858 1258 2916 11

219 2975 239 3018 a
260 2956 386 3022 tribuno
408 2957 586 3040 praetoriae
609 2955 746 3023 cohortis
766 2955 920 3021 deductus
935 2962 993 3036 est,
1017 2955 1106 3021 vario
1122 2974 1256 3037 rumore,

220 3065 324 3125 custos
347 3059 442 3124 saluti
463 3080 505 3124 an
528 3061 637 3125 mortis
660 3066 789 3126 exactor
812 3065 1005 3142 sequeretur.

46 3163 184 3233 ‚mouns
309 3162 357 3228 15.
381 3162 502 3229 Eadem
524 3164 696 3229 Plancinae
717 3162 848 3244 inuidia,
879 3163 980 3229 maior
1008 3163 1125 3247 gratia3
1157 3182 1258 3244 eoque

48 3233 194 3374 ,ἥῖῗέίᾶ
218 3268 403 3352 ambiguum
431 3267 617 3350 habebatur,
650 3273 802 3350 qnantum
821 3267 950 3332 Caesari
977 3267 1010 3331 in
1041 3287 1112 3331 eam
1138 3266 1256 3331 liceret.

52 3390 193 3444 amnuens
218 3381 312 3455 atque
335 3373 415 3457 ipsa,
443 3370 544 3438 donec
566 3370 691 3437 mediae
713 3370 822 3436 Pisoni
844 3389 927 3455 spes,
959 3371 1077 3436 sociam
1100 3390 1135 3435 sc
1158 3369 1258 3434 cuins·

51 3459 193 3512 “mm‘'
218 3496 352 3559 cumque
373 3476 520 3543 fortunae
543 3482 584 3556 et,
608 3475 635 3541 si
658 3475 703 3539 ita
725 3473 831 3556 ferret,
856 3476 1003 3540 comitem
1026 3473 1116 3539 exitii
1131 3472 1257 3557 promit-

217 3582 319 3648 tebat:
352 3588 388 3646 ut
422 3579 551 3646 secretis
580 3581 744 3663 Augustae
773 3579 921 3663 precibus
950 3577 1077 3643 veniam
1111 3576 1257 3658 obtinuit,

217 3686 370 3770 paulatim
392 3683 553 3769 segregari
575 3704 596 3748 a
610 3683 733 3764 marito,
750 3681 893 3748 dividere
909 3680 1126 3747 defensionem
1142 3681 1256 3764 coepit.

218 3787 302 3872 quod
328 3808 402 3854 reus
428 3794 596 3873 postquam
619 3787 680 3852 sibi
703 3786 866 3853 exitiabile
889 3785 1054 3870 intellegit,
1085 3805 1128 3849 an
1150 3784 1256 3849 adhuc

73 3850 137 3960 ἱ
212 3892 415 3977 experiretur
450 3890 610 3977 dubitans,
647 3890 847 3958 hortantibus
880 3889 953 3955 filiis
987 3888 1079 3954 durat
1112 3896 1254 3955 mentem
