<?xml version="1.0" encoding="UTF-8"?>
<!DOCTYPE html PUBLIC "-//W3C//DTD XHTML 1.0 Transitional//EN"
    "http://www.w3.org/TR/xhtml1/DTD/xhtml1-transitional.dtd">
<html xmlns="http://www.w3.org/1999/xhtml" xml:lang="en" lang="en">
 <head>
  <title>
</title>
<meta http-equiv="Content-Type" content="text/html;charset=utf-8" />
  <meta name='ocr-system' content='tesseract 3.04.00' />
  <meta name='ocr-capabilities' content='ocr_page ocr_carea ocr_par ocr_line ocrx_word'/>
</head>
<body>
  <div class='ocr_page' id='page_1' title='image "./annalen00tacigoog_0122.png"; bbox 0 0 2760 4214; ppageno 0'>
   <div class='ocr_carea' id='block_1_1' title="bbox 216 159 1017 245">
    <p class='ocr_par' dir='ltr' id='par_1_1' title="bbox 216 159 1017 245">
     <span class='ocr_line' id='line_1_1' title="bbox 216 159 1017 245; baseline 0.009 -21"><span class='ocrx_word' id='word_1_1' title='bbox 216 159 279 224; x_wconf 87' lang='lat'>100</span> <span class='ocrx_word' id='word_1_2' title='bbox 452 175 501 230; x_wconf 91' lang='lat' dir='ltr'>Ab</span> <span class='ocrx_word' id='word_1_3' title='bbox 520 191 636 231; x_wconf 87' lang='lat' dir='ltr'>excessu</span> <span class='ocrx_word' id='word_1_4' title='bbox 653 176 687 230; x_wconf 92' lang='lat' dir='ltr'>D.</span> <span class='ocrx_word' id='word_1_5' title='bbox 700 176 825 245; x_wconf 81' lang='lat' dir='ltr'><strong>Augusti</strong></span> <span class='ocrx_word' id='word_1_6' title='bbox 843 177 887 231; x_wconf 93' lang='lat' dir='ltr'>III</span> <span class='ocrx_word' id='word_1_7' title='bbox 906 179 1017 233; x_wconf 81' lang='lat'>28-31.</span> 
     </span>
    </p>
   </div>
   <div class='ocr_carea' id='block_1_2' title="bbox 48 349 1320 3850">
    <p class='ocr_par' dir='ltr' id='par_1_2' title="bbox 48 349 1320 3850">
     <span class='ocr_line' id='line_1_2' title="bbox 213 349 1252 435; baseline 0 -20"><span class='ocrx_word' id='word_1_8' title='bbox 213 357 382 435; x_wconf 88' lang='lat' dir='ltr'>parentum</span> <span class='ocrx_word' id='word_1_9' title='bbox 412 356 596 431; x_wconf 82' lang='lat' dir='ltr'>cessaretur,</span> <span class='ocrx_word' id='word_1_10' title='bbox 627 350 715 415; x_wconf 91' lang='lat' dir='ltr'>velut</span> <span class='ocrx_word' id='word_1_11' title='bbox 743 369 859 433; x_wconf 91' lang='lat' dir='ltr'>parens</span> <span class='ocrx_word' id='word_1_12' title='bbox 881 349 1020 414; x_wconf 90' lang='lat' dir='ltr'>omnium</span> <span class='ocrx_word' id='word_1_13' title='bbox 1043 351 1178 434; x_wconf 90' lang='lat' dir='ltr'>populus</span> <span class='ocrx_word' id='word_1_14' title='bbox 1200 371 1252 415; x_wconf 88' lang='lat' dir='ltr'>va·</span> 
     </span>
     <span class='ocr_line' id='line_1_3' title="bbox 215 453 1251 536; baseline 0.001 -19"><span class='ocrx_word' id='word_1_15' title='bbox 215 453 321 518; x_wconf 89' lang='lat' dir='ltr'>cantia</span> <span class='ocrx_word' id='word_1_16' title='bbox 342 460 472 520; x_wconf 90' lang='lat' dir='ltr'>teneret.</span> <span class='ocrx_word' id='word_1_17' title='bbox 512 453 569 519; x_wconf 88' lang='lat' dir='ltr'>sed</span> <span class='ocrx_word' id='word_1_18' title='bbox 591 453 686 518; x_wconf 92' lang='lat' dir='ltr'>altius</span> <span class='ocrx_word' id='word_1_19' title='bbox 707 453 918 536; x_wconf 83' lang='lat' dir='ltr'>penetrabant</span> <span class='ocrx_word' id='word_1_20' title='bbox 940 454 1114 535; x_wconf 86' lang='lat' dir='ltr'>urbemque</span> <span class='ocrx_word' id='word_1_21' title='bbox 1137 459 1169 518; x_wconf 91' lang='lat' dir='ltr'>et</span> <span class='ocrx_word' id='word_1_22' title='bbox 1191 455 1251 518; x_wconf 88' lang='lat' dir='ltr'>Ita-</span> 
     </span>
     <span class='ocr_line' id='line_1_4' title="bbox 58 556 1252 662; baseline 0.002 -42"><span class='ocrx_word' id='word_1_23' title='bbox 58 608 182 662; x_wconf 55' lang='lat' dir='ltr'>,mmunn</span> <span class='ocrx_word' id='word_1_24' title='bbox 214 557 289 622; x_wconf 88' lang='lat' dir='ltr'>liam</span> <span class='ocrx_word' id='word_1_25' title='bbox 312 563 344 623; x_wconf 90' lang='lat' dir='ltr'>et</span> <span class='ocrx_word' id='word_1_26' title='bbox 366 556 451 640; x_wconf 91' lang='lat' dir='ltr'>quod</span> <span class='ocrx_word' id='word_1_27' title='bbox 472 577 606 639; x_wconf 84' lang='lat' dir='ltr'>usquam</span> <span class='ocrx_word' id='word_1_28' title='bbox 629 556 745 621; x_wconf 91' lang='lat' dir='ltr'>civium</span> <span class='ocrx_word' id='word_1_29' title='bbox 768 556 990 640; x_wconf 88' lang='lat' dir='ltr'>corripuerant,</span> <span class='ocrx_word' id='word_1_30' title='bbox 1021 557 1252 638; x_wconf 90' lang='lat' dir='ltr'>multorumque</span> 
     </span>
     <span class='ocr_line' id='line_1_5' title="bbox 89 660 1251 740; baseline 0.001 -16"><span class='ocrx_word' id='word_1_31' title='bbox 89 679 147 724; x_wconf 65' lang='lat' dir='ltr'>nuc</span> <span class='ocrx_word' id='word_1_32' title='bbox 215 662 316 728; x_wconf 86' lang='lat' dir='ltr'>excisi</span> <span class='ocrx_word' id='word_1_33' title='bbox 331 668 440 728; x_wconf 89' lang='lat' dir='ltr'>status.</span> <span class='ocrx_word' id='word_1_34' title='bbox 472 668 504 726; x_wconf 92' lang='lat' dir='ltr'>et</span> <span class='ocrx_word' id='word_1_35' title='bbox 518 667 617 726; x_wconf 92' lang='lat' dir='ltr'>terror</span> <span class='ocrx_word' id='word_1_36' title='bbox 639 660 785 725; x_wconf 93' lang='lat' dir='ltr'>omnibus</span> <span class='ocrx_word' id='word_1_37' title='bbox 807 660 1031 740; x_wconf 86' lang='lat' dir='ltr'>intentabatur,</span> <span class='ocrx_word' id='word_1_38' title='bbox 1056 661 1089 725; x_wconf 89' lang='lat' dir='ltr'>ni</span> <span class='ocrx_word' id='word_1_39' title='bbox 1104 661 1251 726; x_wconf 85' lang='lat' dir='ltr'>Tiberius</span> 
     </span>
     <span class='ocr_line' id='line_1_6' title="bbox 49 747 1252 871; baseline -0.002 -39"><span class='ocrx_word' id='word_1_40' title='bbox 49 747 192 871; x_wconf 52' lang='lat' dir='ltr'>⁹⁰¹³ssan</span> <span class='ocrx_word' id='word_1_41' title='bbox 215 765 382 832; x_wconf 89' lang='lat' dir='ltr'>statuendo</span> <span class='ocrx_word' id='word_1_42' title='bbox 403 765 543 830; x_wconf 88' lang='lat' dir='ltr'>remedio</span> <span class='ocrx_word' id='word_1_43' title='bbox 565 764 706 846; x_wconf 91' lang='lat' dir='ltr'>quinque</span> <span class='ocrx_word' id='word_1_44' title='bbox 729 763 949 844; x_wconf 79' lang='lat' dir='ltr'>consularium,</span> <span class='ocrx_word' id='word_1_45' title='bbox 974 764 1114 846; x_wconf 90' lang='lat' dir='ltr'>quinque</span> <span class='ocrx_word' id='word_1_46' title='bbox 1131 784 1149 828; x_wconf 92' lang='lat' dir='ltr'>e</span> <span class='ocrx_word' id='word_1_47' title='bbox 1164 785 1252 849; x_wconf 89' lang='lat' dir='ltr'>prae-</span> 
     </span>
     <span class='ocr_line' id='line_1_7' title="bbox 55 866 1250 951; baseline 0.003 -20"><span class='ocrx_word' id='word_1_48' title='bbox 55 886 181 938; x_wconf 69' lang='lat' dir='ltr'>nusetunu</span> <span class='ocrx_word' id='word_1_49' title='bbox 215 869 313 951; x_wconf 90' lang='lat' dir='ltr'>toriis,</span> <span class='ocrx_word' id='word_1_50' title='bbox 336 867 467 934; x_wconf 88' lang='lat' dir='ltr'>totidem</span> <span class='ocrx_word' id='word_1_51' title='bbox 490 888 508 933; x_wconf 91' lang='lat' dir='ltr'>e</span> <span class='ocrx_word' id='word_1_52' title='bbox 531 874 634 933; x_wconf 88' lang='lat' dir='ltr'>cetero</span> <span class='ocrx_word' id='word_1_53' title='bbox 658 873 769 932; x_wconf 91' lang='lat' dir='ltr'>senatu</span> <span class='ocrx_word' id='word_1_54' title='bbox 792 873 875 932; x_wconf 84' lang='lat' dir='ltr'>sorte</span> <span class='ocrx_word' id='word_1_55' title='bbox 891 866 1044 948; x_wconf 83' lang='lat' dir='ltr'>duxisset,</span> <span class='ocrx_word' id='word_1_56' title='bbox 1068 867 1155 951; x_wconf 92' lang='lat' dir='ltr'>apud</span> <span class='ocrx_word' id='word_1_57' title='bbox 1171 888 1250 950; x_wconf 92' lang='lat' dir='ltr'>quos</span> 
     </span>
     <span class='ocr_line' id='line_1_8' title="bbox 56 956 1252 1077; baseline -0.002 -39"><span class='ocrx_word' id='word_1_58' title='bbox 56 956 186 1077; x_wconf 49' lang='lat' dir='ltr'>,exssim</span> <span class='ocrx_word' id='word_1_59' title='bbox 217 973 352 1039; x_wconf 85' lang='lat' dir='ltr'>exsoluti</span> <span class='ocrx_word' id='word_1_60' title='bbox 373 972 515 1055; x_wconf 85' lang='lat' dir='ltr'>plerique</span> <span class='ocrx_word' id='word_1_61' title='bbox 537 971 618 1055; x_wconf 86' lang='lat' dir='ltr'>legis</span> <span class='ocrx_word' id='word_1_62' title='bbox 639 991 742 1036; x_wconf 86' lang='lat' dir='ltr'>nexus</span> <span class='ocrx_word' id='word_1_63' title='bbox 764 969 923 1035; x_wconf 90' lang='lat' dir='ltr'>modicum</span> <span class='ocrx_word' id='word_1_64' title='bbox 946 971 979 1035; x_wconf 92' lang='lat' dir='ltr'>in</span> <span class='ocrx_word' id='word_1_65' title='bbox 1002 990 1154 1055; x_wconf 86' lang='lat' dir='ltr'>praesens</span> <span class='ocrx_word' id='word_1_66' title='bbox 1169 972 1252 1036; x_wconf 88' lang='lat' dir='ltr'>leva-</span> 
     </span>
     <span class='ocr_line' id='line_1_9' title="bbox 60 1075 479 1147; baseline 0.005 -10"><span class='ocrx_word' id='word_1_67' title='bbox 60 1095 179 1147; x_wconf 61' lang='lat' dir='ltr'>mus-ea</span> <span class='ocrx_word' id='word_1_68' title='bbox 216 1081 357 1141; x_wconf 90' lang='lat' dir='ltr'>mentum</span> <span class='ocrx_word' id='word_1_69' title='bbox 380 1075 479 1140; x_wconf 83' lang='lat' dir='ltr'>fuere.</span> 
     </span>
     <span class='ocr_line' id='line_1_10' title="bbox 87 1177 1251 1262; baseline 0.001 -21"><span class='ocrx_word' id='word_1_70' title='bbox 87 1181 153 1225; x_wconf 75' lang='lat' dir='ltr'>nm.</span> <span class='ocrx_word' id='word_1_71' title='bbox 303 1179 354 1243; x_wconf 74' lang='lat'>29.</span> <span class='ocrx_word' id='word_1_72' title='bbox 377 1180 440 1243; x_wconf 90' lang='lat' dir='ltr'>Per</span> <span class='ocrx_word' id='word_1_73' title='bbox 461 1177 545 1243; x_wconf 87' lang='lat' dir='ltr'>idem</span> <span class='ocrx_word' id='word_1_74' title='bbox 569 1184 694 1262; x_wconf 90' lang='lat' dir='ltr'>tempus</span> <span class='ocrx_word' id='word_1_75' title='bbox 715 1178 875 1242; x_wconf 90' lang='lat' dir='ltr'>Neronem</span> <span class='ocrx_word' id='word_1_76' title='bbox 898 1197 916 1242; x_wconf 91' lang='lat' dir='ltr'>e</span> <span class='ocrx_word' id='word_1_77' title='bbox 937 1179 1046 1243; x_wconf 91' lang='lat' dir='ltr'>liberis</span> <span class='ocrx_word' id='word_1_78' title='bbox 1061 1177 1251 1260; x_wconf 80' lang='lat' dir='ltr'>Germanici,</span> 
     </span>
     <span class='ocr_line' id='line_1_11' title="bbox 51 1266 1254 1387; baseline -0.001 -39"><span class='ocrx_word' id='word_1_79' title='bbox 51 1266 198 1387; x_wconf 46' lang='lat' dir='ltr'>„afn&#39;gssm</span> <span class='ocrx_word' id='word_1_80' title='bbox 216 1283 281 1348; x_wconf 85' lang='lat' dir='ltr'>iam</span> <span class='ocrx_word' id='word_1_81' title='bbox 307 1283 484 1367; x_wconf 84' lang='lat' dir='ltr'>ingressum</span> <span class='ocrx_word' id='word_1_82' title='bbox 513 1282 685 1362; x_wconf 90' lang='lat' dir='ltr'>iuventam,</span> <span class='ocrx_word' id='word_1_83' title='bbox 717 1281 951 1346; x_wconf 88' lang='lat' dir='ltr'>commendavit</span> <span class='ocrx_word' id='word_1_84' title='bbox 973 1282 1125 1366; x_wconf 91' lang='lat' dir='ltr'>patribus,</span> <span class='ocrx_word' id='word_1_85' title='bbox 1156 1290 1254 1365; x_wconf 92' lang='lat' dir='ltr'>utque</span> 
     </span>
     <span class='ocr_line' id='line_1_12' title="bbox 58 1384 1254 1470; baseline 0.002 -22"><span class='ocrx_word' id='word_1_86' title='bbox 58 1404 98 1448; x_wconf 75' lang='lat' dir='ltr'>urs</span> <span class='ocrx_word' id='word_1_87' title='bbox 111 1403 187 1456; x_wconf 75' lang='lat' dir='ltr'>nuru</span> <span class='ocrx_word' id='word_1_88' title='bbox 217 1406 347 1452; x_wconf 90' lang='lat' dir='ltr'>munere</span> <span class='ocrx_word' id='word_1_89' title='bbox 370 1385 557 1470; x_wconf 80' lang='lat' dir='ltr'>capessendi</span> <span class='ocrx_word' id='word_1_90' title='bbox 579 1384 815 1469; x_wconf 80' lang='lat' dir='ltr'>vigintiviratus</span> <span class='ocrx_word' id='word_1_91' title='bbox 838 1386 1011 1450; x_wconf 88' lang='lat' dir='ltr'>solveretur</span> <span class='ocrx_word' id='word_1_92' title='bbox 1034 1393 1066 1450; x_wconf 88' lang='lat' dir='ltr'>ct</span> <span class='ocrx_word' id='word_1_93' title='bbox 1080 1386 1254 1468; x_wconf 91' lang='lat' dir='ltr'>quinquen-</span> 
     </span>
     <span class='ocr_line' id='line_1_13' title="bbox 217 1489 1252 1573; baseline 0 -19"><span class='ocrx_word' id='word_1_94' title='bbox 217 1491 270 1555; x_wconf 90' lang='lat' dir='ltr'>nio</span> <span class='ocrx_word' id='word_1_95' title='bbox 296 1490 448 1555; x_wconf 88' lang='lat' dir='ltr'>maturius</span> <span class='ocrx_word' id='word_1_96' title='bbox 476 1510 571 1572; x_wconf 89' lang='lat' dir='ltr'>quam</span> <span class='ocrx_word' id='word_1_97' title='bbox 598 1489 769 1573; x_wconf 82' lang='lat' dir='ltr'>perleges</span> <span class='ocrx_word' id='word_1_98' title='bbox 795 1495 996 1570; x_wconf 85' lang='lat' dir='ltr'>quaesturam</span> <span class='ocrx_word' id='word_1_99' title='bbox 1025 1495 1157 1573; x_wconf 87' lang='lat' dir='ltr'>peteret,</span> <span class='ocrx_word' id='word_1_100' title='bbox 1188 1511 1252 1554; x_wconf 92' lang='lat' dir='ltr'>non</span> 
     </span>
     <span class='ocr_line' id='line_1_14' title="bbox 217 1591 1254 1677; baseline -0.002 -18"><span class='ocrx_word' id='word_1_101' title='bbox 217 1597 285 1660; x_wconf 92' lang='lat' dir='ltr'>sine</span> <span class='ocrx_word' id='word_1_102' title='bbox 306 1595 406 1659; x_wconf 87' lang='lat' dir='ltr'>inrisu</span> <span class='ocrx_word' id='word_1_103' title='bbox 427 1592 625 1658; x_wconf 89' lang='lat' dir='ltr'>audientium</span> <span class='ocrx_word' id='word_1_104' title='bbox 647 1592 827 1677; x_wconf 89' lang='lat' dir='ltr'>postulavit.</span> <span class='ocrx_word' id='word_1_105' title='bbox 864 1591 1094 1676; x_wconf 88' lang='lat' dir='ltr'>praetendebat</span> <span class='ocrx_word' id='word_1_106' title='bbox 1122 1593 1182 1658; x_wconf 93' lang='lat' dir='ltr'>sibi</span> <span class='ocrx_word' id='word_1_107' title='bbox 1209 1600 1254 1657; x_wconf 91' lang='lat' dir='ltr'>at-</span> 
     </span>
     <span class='ocr_line' id='line_1_15' title="bbox 216 1695 1252 1781; baseline -0.001 -18"><span class='ocrx_word' id='word_1_108' title='bbox 216 1718 279 1781; x_wconf 92' lang='lat' dir='ltr'>quc</span> <span class='ocrx_word' id='word_1_109' title='bbox 311 1697 401 1763; x_wconf 85' lang='lat' dir='ltr'>fratri</span> <span class='ocrx_word' id='word_1_110' title='bbox 431 1696 559 1762; x_wconf 89' lang='lat' dir='ltr'>decreta</span> <span class='ocrx_word' id='word_1_111' title='bbox 588 1695 701 1761; x_wconf 92' lang='lat' dir='ltr'>eadem</span> <span class='ocrx_word' id='word_1_112' title='bbox 729 1702 858 1780; x_wconf 89' lang='lat' dir='ltr'>petente</span> <span class='ocrx_word' id='word_1_113' title='bbox 880 1698 1033 1780; x_wconf 82' lang='lat' dir='ltr'>Augusto.</span> <span class='ocrx_word' id='word_1_114' title='bbox 1070 1695 1126 1762; x_wconf 91' lang='lat' dir='ltr'>sed</span> <span class='ocrx_word' id='word_1_115' title='bbox 1149 1716 1252 1779; x_wconf 89' lang='lat' dir='ltr'>neque</span> 
     </span>
     <span class='ocr_line' id='line_1_16' title="bbox 216 1799 1320 1884; baseline -0.002 -17"><span class='ocrx_word' id='word_1_116' title='bbox 216 1809 283 1867; x_wconf 88' lang='lat' dir='ltr'>turn</span> <span class='ocrx_word' id='word_1_117' title='bbox 304 1801 403 1867; x_wconf 83' lang='lat' dir='ltr'>firissc</span> <span class='ocrx_word' id='word_1_118' title='bbox 426 1800 646 1882; x_wconf 87' lang='lat' dir='ltr'>dubitaverim,</span> <span class='ocrx_word' id='word_1_119' title='bbox 670 1800 724 1882; x_wconf 93' lang='lat' dir='ltr'>qui</span> <span class='ocrx_word' id='word_1_120' title='bbox 747 1800 815 1865; x_wconf 89' lang='lat' dir='ltr'>eius</span> <span class='ocrx_word' id='word_1_121' title='bbox 837 1799 923 1864; x_wconf 94' lang='lat' dir='ltr'>modi</span> <span class='ocrx_word' id='word_1_122' title='bbox 945 1820 1056 1884; x_wconf 91' lang='lat' dir='ltr'>preces</span> <span class='ocrx_word' id='word_1_123' title='bbox 1077 1801 1191 1865; x_wconf 91' lang='lat' dir='ltr'>occulti</span> <span class='ocrx_word' id='word_1_124' title='bbox 1211 1802 1255 1865; x_wconf 92' lang='lat' dir='ltr'>in·</span> <span class='ocrx_word' id='word_1_125' title='bbox 1317 1833 1320 1838; x_wconf 96' lang='lat'><em>·</em></span> 
     </span>
     <span class='ocr_line' id='line_1_17' title="bbox 195 1904 1255 1988; baseline -0.002 -16"><span class='ocrx_word' id='word_1_126' title='bbox 195 1970 196 1973; x_wconf 73' lang='grc'>,</span> <span class='ocrx_word' id='word_1_127' title='bbox 216 1905 374 1971; x_wconf 90' lang='lat' dir='ltr'>luderent:</span> <span class='ocrx_word' id='word_1_128' title='bbox 398 1925 437 1969; x_wconf 90' lang='lat' dir='ltr'>ac</span> <span class='ocrx_word' id='word_1_129' title='bbox 459 1912 565 1969; x_wconf 87' lang='lat' dir='ltr'>tamen</span> <span class='ocrx_word' id='word_1_130' title='bbox 587 1905 678 1969; x_wconf 91' lang='lat' dir='ltr'>initia</span> <span class='ocrx_word' id='word_1_131' title='bbox 693 1904 813 1987; x_wconf 81' lang='lat' dir='ltr'>fastigii</span> <span class='ocrx_word' id='word_1_132' title='bbox 829 1904 1019 1969; x_wconf 79' lang='lat' dir='ltr'>Caesaribus</span> <span class='ocrx_word' id='word_1_133' title='bbox 1035 1912 1126 1971; x_wconf 90' lang='lat' dir='ltr'>erant</span> <span class='ocrx_word' id='word_1_134' title='bbox 1141 1906 1255 1988; x_wconf 82' lang='lat' dir='ltr'>magis·</span> 
     </span>
     <span class='ocr_line' id='line_1_18' title="bbox 218 2007 1256 2092; baseline -0.002 -18"><span class='ocrx_word' id='word_1_135' title='bbox 218 2028 279 2092; x_wconf 90' lang='lat' dir='ltr'>que</span> <span class='ocrx_word' id='word_1_136' title='bbox 301 2009 335 2072; x_wconf 92' lang='lat' dir='ltr'>in</span> <span class='ocrx_word' id='word_1_137' title='bbox 358 2008 455 2074; x_wconf 88' lang='lat' dir='ltr'>oculis</span> <span class='ocrx_word' id='word_1_138' title='bbox 478 2014 570 2073; x_wconf 91' lang='lat' dir='ltr'>vetus</span> <span class='ocrx_word' id='word_1_139' title='bbox 592 2028 670 2088; x_wconf 92' lang='lat' dir='ltr'>mos,</span> <span class='ocrx_word' id='word_1_140' title='bbox 694 2013 726 2072; x_wconf 89' lang='lat' dir='ltr'>et</span> <span class='ocrx_word' id='word_1_141' title='bbox 747 2007 903 2092; x_wconf 83' lang='lat' dir='ltr'>privignis</span> <span class='ocrx_word' id='word_1_142' title='bbox 927 2028 998 2073; x_wconf 91' lang='lat' dir='ltr'>cum</span> <span class='ocrx_word' id='word_1_143' title='bbox 1020 2008 1132 2072; x_wconf 89' lang='lat' dir='ltr'>vitrico</span> <span class='ocrx_word' id='word_1_144' title='bbox 1157 2008 1256 2073; x_wconf 91' lang='lat' dir='ltr'>levior</span> 
     </span>
     <span class='ocr_line' id='line_1_19' title="bbox 218 2110 1256 2196; baseline -0.002 -20"><span class='ocrx_word' id='word_1_145' title='bbox 218 2111 417 2177; x_wconf 89' lang='lat' dir='ltr'>necessitudo</span> <span class='ocrx_word' id='word_1_146' title='bbox 440 2131 535 2192; x_wconf 90' lang='lat' dir='ltr'>quam</span> <span class='ocrx_word' id='word_1_147' title='bbox 557 2131 618 2176; x_wconf 91' lang='lat' dir='ltr'>avo</span> <span class='ocrx_word' id='word_1_148' title='bbox 638 2110 807 2176; x_wconf 89' lang='lat' dir='ltr'>adversum</span> <span class='ocrx_word' id='word_1_149' title='bbox 827 2118 983 2196; x_wconf 90' lang='lat' dir='ltr'>nepotem.</span> <span class='ocrx_word' id='word_1_150' title='bbox 1015 2110 1141 2175; x_wconf 88' lang='lat' dir='ltr'>additur</span> <span class='ocrx_word' id='word_1_151' title='bbox 1157 2111 1256 2195; x_wconf 92' lang='lat' dir='ltr'>ponti-</span> 
     </span>
     <span class='ocr_line' id='line_1_20' title="bbox 218 2212 1256 2299; baseline -0.002 -19"><span class='ocrx_word' id='word_1_152' title='bbox 218 2215 329 2280; x_wconf 88' lang='lat' dir='ltr'>ficatus</span> <span class='ocrx_word' id='word_1_153' title='bbox 352 2221 383 2279; x_wconf 94' lang='lat' dir='ltr'>et</span> <span class='ocrx_word' id='word_1_154' title='bbox 405 2234 467 2296; x_wconf 93' lang='lat' dir='ltr'>quo</span> <span class='ocrx_word' id='word_1_155' title='bbox 482 2214 619 2299; x_wconf 92' lang='lat' dir='ltr'>primum</span> <span class='ocrx_word' id='word_1_156' title='bbox 635 2212 686 2279; x_wconf 90' lang='lat' dir='ltr'>die</span> <span class='ocrx_word' id='word_1_157' title='bbox 701 2214 805 2280; x_wconf 86' lang='lat' dir='ltr'>forum</span> <span class='ocrx_word' id='word_1_158' title='bbox 820 2215 981 2298; x_wconf 81' lang='lat' dir='ltr'>ingressus</span> <span class='ocrx_word' id='word_1_159' title='bbox 997 2221 1045 2279; x_wconf 92' lang='lat' dir='ltr'>est</span> <span class='ocrx_word' id='word_1_160' title='bbox 1062 2215 1256 2299; x_wconf 81' lang='lat' dir='ltr'>congiarium</span> 
     </span>
     <span class='ocr_line' id='line_1_21' title="bbox 218 2316 1257 2404; baseline -0.001 -21"><span class='ocrx_word' id='word_1_161' title='bbox 218 2319 304 2404; x_wconf 90' lang='lat' dir='ltr'>plebi</span> <span class='ocrx_word' id='word_1_162' title='bbox 326 2317 497 2383; x_wconf 92' lang='lat' dir='ltr'>admodum</span> <span class='ocrx_word' id='word_1_163' title='bbox 518 2318 630 2398; x_wconf 85' lang='lat' dir='ltr'>laetae,</span> <span class='ocrx_word' id='word_1_164' title='bbox 655 2316 739 2399; x_wconf 92' lang='lat' dir='ltr'>quod</span> <span class='ocrx_word' id='word_1_165' title='bbox 762 2317 942 2383; x_wconf 76' lang='lat' dir='ltr'>Germanici</span> <span class='ocrx_word' id='word_1_166' title='bbox 964 2318 1095 2403; x_wconf 86' lang='lat' dir='ltr'>stirpem</span> <span class='ocrx_word' id='word_1_167' title='bbox 1117 2319 1180 2383; x_wconf 89' lang='lat' dir='ltr'>iam</span> <span class='ocrx_word' id='word_1_168' title='bbox 1203 2339 1257 2401; x_wconf 90' lang='lat' dir='ltr'>pu-</span> 
     </span>
     <span class='ocr_line' id='line_1_22' title="bbox 219 2419 1257 2506; baseline -0.003 -19"><span class='ocrx_word' id='word_1_169' title='bbox 219 2423 325 2487; x_wconf 87' lang='lat' dir='ltr'>berem</span> <span class='ocrx_word' id='word_1_170' title='bbox 341 2422 525 2506; x_wconf 87' lang='lat' dir='ltr'>aspiciebat.</span> <span class='ocrx_word' id='word_1_171' title='bbox 550 2427 676 2486; x_wconf 86' lang='lat' dir='ltr'>auotum</span> <span class='ocrx_word' id='word_1_172' title='bbox 693 2419 808 2485; x_wconf 90' lang='lat' dir='ltr'>dehinc</span> <span class='ocrx_word' id='word_1_173' title='bbox 822 2420 973 2505; x_wconf 87' lang='lat' dir='ltr'>gaudium</span> <span class='ocrx_word' id='word_1_174' title='bbox 990 2422 1109 2506; x_wconf 90' lang='lat' dir='ltr'>nuptiis</span> <span class='ocrx_word' id='word_1_175' title='bbox 1120 2422 1257 2487; x_wconf 89' lang='lat' dir='ltr'>Neronis</span> 
     </span>
     <span class='ocr_line' id='line_1_23' title="bbox 220 2524 1254 2606; baseline -0.002 -15"><span class='ocrx_word' id='word_1_176' title='bbox 220 2532 252 2591; x_wconf 90' lang='lat' dir='ltr'>et</span> <span class='ocrx_word' id='word_1_177' title='bbox 273 2525 373 2591; x_wconf 91' lang='lat' dir='ltr'>Iuliae</span> <span class='ocrx_word' id='word_1_178' title='bbox 395 2526 491 2591; x_wconf 92' lang='lat' dir='ltr'>Drusi</span> <span class='ocrx_word' id='word_1_179' title='bbox 520 2525 613 2590; x_wconf 88' lang='lat' dir='ltr'>filiae.</span> <span class='ocrx_word' id='word_1_180' title='bbox 652 2531 749 2606; x_wconf 90' lang='lat' dir='ltr'>utque</span> <span class='ocrx_word' id='word_1_181' title='bbox 776 2524 856 2588; x_wconf 90' lang='lat' dir='ltr'>haec</span> <span class='ocrx_word' id='word_1_182' title='bbox 883 2524 1021 2590; x_wconf 89' lang='lat' dir='ltr'>secundo</span> <span class='ocrx_word' id='word_1_183' title='bbox 1043 2545 1177 2606; x_wconf 90' lang='lat' dir='ltr'>rumore,</span> <span class='ocrx_word' id='word_1_184' title='bbox 1208 2525 1254 2589; x_wconf 91' lang='lat' dir='ltr'>ita</span> 
     </span>
     <span class='ocr_line' id='line_1_24' title="bbox 219 2627 1256 2712; baseline -0.001 -18"><span class='ocrx_word' id='word_1_185' title='bbox 219 2629 361 2695; x_wconf 88' lang='lat' dir='ltr'>adversis</span> <span class='ocrx_word' id='word_1_186' title='bbox 376 2629 491 2694; x_wconf 87' lang='lat' dir='ltr'>animis</span> <span class='ocrx_word' id='word_1_187' title='bbox 506 2634 681 2712; x_wconf 90' lang='lat' dir='ltr'>acceptum,</span> <span class='ocrx_word' id='word_1_188' title='bbox 706 2628 790 2710; x_wconf 91' lang='lat' dir='ltr'>quod</span> <span class='ocrx_word' id='word_1_189' title='bbox 804 2627 869 2693; x_wconf 91' lang='lat' dir='ltr'>filio</span> <span class='ocrx_word' id='word_1_190' title='bbox 882 2627 1006 2693; x_wconf 75' lang='lat' dir='ltr'>Claudii</span> <span class='ocrx_word' id='word_1_191' title='bbox 1022 2647 1111 2693; x_wconf 91' lang='lat' dir='ltr'>socer</span> <span class='ocrx_word' id='word_1_192' title='bbox 1122 2628 1256 2694; x_wconf 82' lang='lat' dir='ltr'>Seianus</span> 
     </span>
     <span class='ocr_line' id='line_1_25' title="bbox 219 2730 1254 2816; baseline -0.001 -20"><span class='ocrx_word' id='word_1_193' title='bbox 219 2731 437 2798; x_wconf 89' lang='lat' dir='ltr'>destinaretur.</span> <span class='ocrx_word' id='word_1_194' title='bbox 468 2733 618 2816; x_wconf 91' lang='lat' dir='ltr'>polluisse</span> <span class='ocrx_word' id='word_1_195' title='bbox 640 2731 838 2797; x_wconf 88' lang='lat' dir='ltr'>nobilitatem</span> <span class='ocrx_word' id='word_1_196' title='bbox 860 2730 1000 2796; x_wconf 85' lang='lat' dir='ltr'>familiae</span> <span class='ocrx_word' id='word_1_197' title='bbox 1023 2730 1192 2797; x_wconf 89' lang='lat' dir='ltr'>videbatur</span> <span class='ocrx_word' id='word_1_198' title='bbox 1207 2751 1254 2796; x_wconf 91' lang='lat' dir='ltr'>su·</span> 
     </span>
     <span class='ocr_line' id='line_1_26' title="bbox 220 2835 1200 2921; baseline -0.003 -20"><span class='ocrx_word' id='word_1_199' title='bbox 220 2842 424 2921; x_wconf 88' lang='lat' dir='ltr'>spectumque</span> <span class='ocrx_word' id='word_1_200' title='bbox 446 2836 510 2899; x_wconf 89' lang='lat' dir='ltr'>iam</span> <span class='ocrx_word' id='word_1_201' title='bbox 533 2835 649 2899; x_wconf 89' lang='lat' dir='ltr'>nimiae</span> <span class='ocrx_word' id='word_1_202' title='bbox 672 2835 740 2919; x_wconf 91' lang='lat' dir='ltr'>spei</span> <span class='ocrx_word' id='word_1_203' title='bbox 764 2835 913 2900; x_wconf 85' lang='lat' dir='ltr'>Seianum</span> <span class='ocrx_word' id='word_1_204' title='bbox 936 2836 1018 2899; x_wconf 87' lang='lat' dir='ltr'>ultra</span> <span class='ocrx_word' id='word_1_205' title='bbox 1041 2835 1200 2899; x_wconf 81' lang='lat' dir='ltr'>extulisse.</span> 
     </span>
     <span class='ocr_line' id='line_1_27' title="bbox 99 2936 1256 3022; baseline 0 -20"><span class='ocrx_word' id='word_1_206' title='bbox 99 2936 147 2981; x_wconf 62' lang='lat'>²⁰⁶</span> <span class='ocrx_word' id='word_1_207' title='bbox 307 2938 358 3003; x_wconf 87' lang='lat'>30.</span> <span class='ocrx_word' id='word_1_208' title='bbox 382 2939 463 3004; x_wconf 85' lang='lat' dir='ltr'>Fine</span> <span class='ocrx_word' id='word_1_209' title='bbox 489 2938 565 3002; x_wconf 91' lang='lat' dir='ltr'>anni</span> <span class='ocrx_word' id='word_1_210' title='bbox 592 2958 777 3004; x_wconf 87' lang='lat' dir='ltr'>concessere</span> <span class='ocrx_word' id='word_1_211' title='bbox 804 2939 871 3002; x_wconf 84' lang='lat' dir='ltr'>vita</span> <span class='ocrx_word' id='word_1_212' title='bbox 897 2938 1039 3022; x_wconf 86' lang='lat' dir='ltr'>insignes</span> <span class='ocrx_word' id='word_1_213' title='bbox 1062 2938 1121 3002; x_wconf 92' lang='lat' dir='ltr'>viri</span> <span class='ocrx_word' id='word_1_214' title='bbox 1143 2939 1178 3001; x_wconf 89' lang='lat' dir='ltr'>L.</span> <span class='ocrx_word' id='word_1_215' title='bbox 1197 2937 1256 3002; x_wconf 92' lang='lat' dir='ltr'>Vo-</span> 
     </span>
     <span class='ocr_line' id='line_1_28' title="bbox 48 3005 1257 3124; baseline 0 -17"><span class='ocrx_word' id='word_1_216' title='bbox 48 3005 201 3119; x_wconf 48' lang='lat' dir='ltr'>mfffddflu&#39;</span> <span class='ocrx_word' id='word_1_217' title='bbox 220 3041 319 3107; x_wconf 90' lang='lat' dir='ltr'>lusius</span> <span class='ocrx_word' id='word_1_218' title='bbox 342 3048 374 3106; x_wconf 86' lang='lat' dir='ltr'>et</span> <span class='ocrx_word' id='word_1_219' title='bbox 396 3041 563 3106; x_wconf 82' lang='lat' dir='ltr'>Sallustius</span> <span class='ocrx_word' id='word_1_220' title='bbox 578 3041 716 3124; x_wconf 90' lang='lat' dir='ltr'>Crispus.</span> <span class='ocrx_word' id='word_1_221' title='bbox 744 3042 873 3106; x_wconf 90' lang='lat' dir='ltr'>Volusio</span> <span class='ocrx_word' id='word_1_222' title='bbox 896 3048 989 3106; x_wconf 91' lang='lat' dir='ltr'>vetus</span> <span class='ocrx_word' id='word_1_223' title='bbox 1010 3041 1132 3106; x_wconf 88' lang='lat' dir='ltr'>familia</span> <span class='ocrx_word' id='word_1_224' title='bbox 1154 3061 1257 3123; x_wconf 89' lang='lat' dir='ltr'>neque</span> 
     </span>
     <span class='ocr_line' id='line_1_29' title="bbox 61 3129 1256 3229; baseline -0.001 -19"><span class='ocrx_word' id='word_1_225' title='bbox 61 3129 188 3198; x_wconf 65' lang='lat' dir='ltr'>causaue.</span> <span class='ocrx_word' id='word_1_226' title='bbox 220 3152 327 3210; x_wconf 86' lang='lat' dir='ltr'>tamen</span> <span class='ocrx_word' id='word_1_227' title='bbox 349 3150 530 3227; x_wconf 88' lang='lat' dir='ltr'>praeturam</span> <span class='ocrx_word' id='word_1_228' title='bbox 554 3164 694 3229; x_wconf 81' lang='lat' dir='ltr'>egressa:</span> <span class='ocrx_word' id='word_1_229' title='bbox 728 3145 798 3228; x_wconf 92' lang='lat' dir='ltr'>ipse</span> <span class='ocrx_word' id='word_1_230' title='bbox 821 3145 1017 3209; x_wconf 90' lang='lat' dir='ltr'>consulatum</span> <span class='ocrx_word' id='word_1_231' title='bbox 1040 3144 1155 3228; x_wconf 89' lang='lat' dir='ltr'>intulit,</span> <span class='ocrx_word' id='word_1_232' title='bbox 1186 3165 1256 3209; x_wconf 88' lang='lat' dir='ltr'>ceu·</span> 
     </span>
     <span class='ocr_line' id='line_1_30' title="bbox 221 3247 1255 3332; baseline -0.001 -18"><span class='ocrx_word' id='word_1_233' title='bbox 221 3249 304 3315; x_wconf 90' lang='lat' dir='ltr'>soria</span> <span class='ocrx_word' id='word_1_234' title='bbox 333 3248 429 3313; x_wconf 86' lang='lat' dir='ltr'>etiam</span> <span class='ocrx_word' id='word_1_235' title='bbox 451 3254 608 3332; x_wconf 90' lang='lat' dir='ltr'>potestate</span> <span class='ocrx_word' id='word_1_236' title='bbox 630 3248 775 3332; x_wconf 87' lang='lat' dir='ltr'>legendis</span> <span class='ocrx_word' id='word_1_237' title='bbox 797 3248 936 3330; x_wconf 88' lang='lat' dir='ltr'>equitum</span> <span class='ocrx_word' id='word_1_238' title='bbox 959 3248 1096 3312; x_wconf 90' lang='lat' dir='ltr'>decuriis</span> <span class='ocrx_word' id='word_1_239' title='bbox 1119 3247 1255 3329; x_wconf 69' lang='lat' dir='ltr'>functus</span> 
     </span>
     <span class='ocr_line' id='line_1_31' title="bbox 220 3337 1257 3437; baseline -0.002 -19"><span class='ocrx_word' id='word_1_240' title='bbox 220 3372 388 3437; x_wconf 91' lang='lat' dir='ltr'>opumque,</span> <span class='ocrx_word' id='word_1_241' title='bbox 416 3352 486 3434; x_wconf 88' lang='lat' dir='ltr'>quis</span> <span class='ocrx_word' id='word_1_242' title='bbox 508 3337 619 3416; x_wconf 85' lang='lat' dir='ltr'>domus</span> <span class='ocrx_word' id='word_1_243' title='bbox 642 3351 696 3416; x_wconf 89' lang='lat' dir='ltr'>illa</span> <span class='ocrx_word' id='word_1_244' title='bbox 718 3352 896 3417; x_wconf 90' lang='lat' dir='ltr'>inmensum</span> <span class='ocrx_word' id='word_1_245' title='bbox 919 3352 1031 3436; x_wconf 84' lang='lat' dir='ltr'>viguit,</span> <span class='ocrx_word' id='word_1_246' title='bbox 1062 3352 1182 3436; x_wconf 90' lang='lat' dir='ltr'>primus</span> <span class='ocrx_word' id='word_1_247' title='bbox 1203 3351 1257 3416; x_wconf 88' lang='lat' dir='ltr'>ad·</span> 
     </span>
     <span class='ocr_line' id='line_1_32' title="bbox 221 3455 1255 3540; baseline 0 -20"><span class='ocrx_word' id='word_1_248' title='bbox 221 3456 404 3522; x_wconf 89' lang='lat' dir='ltr'>cumulator.</span> <span class='ocrx_word' id='word_1_249' title='bbox 444 3456 589 3540; x_wconf 80' lang='lat' dir='ltr'>Crispum</span> <span class='ocrx_word' id='word_1_250' title='bbox 618 3455 756 3538; x_wconf 91' lang='lat' dir='ltr'>equestri</span> <span class='ocrx_word' id='word_1_251' title='bbox 786 3462 887 3520; x_wconf 91' lang='lat' dir='ltr'>ortum</span> <span class='ocrx_word' id='word_1_252' title='bbox 917 3456 985 3521; x_wconf 91' lang='lat' dir='ltr'>loco</span> <span class='ocrx_word' id='word_1_253' title='bbox 1016 3455 1051 3522; x_wconf 91' lang='lat' dir='ltr'>C.</span> <span class='ocrx_word' id='word_1_254' title='bbox 1076 3456 1255 3536; x_wconf 87' lang='lat' dir='ltr'>Sallustius,</span> 
     </span>
     <span class='ocr_line' id='line_1_33' title="bbox 221 3559 1255 3642; baseline -0.002 -17"><span class='ocrx_word' id='word_1_255' title='bbox 221 3580 323 3625; x_wconf 88' lang='lat' dir='ltr'>rerum</span> <span class='ocrx_word' id='word_1_256' title='bbox 337 3562 552 3624; x_wconf 88' lang='lat' dir='ltr'>Romanarum</span> <span class='ocrx_word' id='word_1_257' title='bbox 572 3559 812 3625; x_wconf 85' lang='lat' dir='ltr'>florentissimus</span> <span class='ocrx_word' id='word_1_258' title='bbox 834 3566 953 3641; x_wconf 88' lang='lat' dir='ltr'>auctor,</span> <span class='ocrx_word' id='word_1_259' title='bbox 977 3559 1091 3625; x_wconf 90' lang='lat' dir='ltr'>sororis</span> <span class='ocrx_word' id='word_1_260' title='bbox 1106 3566 1255 3642; x_wconf 90' lang='lat' dir='ltr'>nepotem</span> 
     </span>
     <span class='ocr_line' id='line_1_34' title="bbox 220 3661 1256 3747; baseline -0.003 -19"><span class='ocrx_word' id='word_1_261' title='bbox 220 3665 254 3728; x_wconf 91' lang='lat' dir='ltr'>in</span> <span class='ocrx_word' id='word_1_262' title='bbox 283 3683 399 3729; x_wconf 92' lang='lat' dir='ltr'>nomen</span> <span class='ocrx_word' id='word_1_263' title='bbox 427 3661 572 3727; x_wconf 87' lang='lat' dir='ltr'>adscivit.</span> <span class='ocrx_word' id='word_1_264' title='bbox 611 3670 706 3744; x_wconf 90' lang='lat' dir='ltr'>atque</span> <span class='ocrx_word' id='word_1_265' title='bbox 733 3663 795 3743; x_wconf 89' lang='lat' dir='ltr'>ille,</span> <span class='ocrx_word' id='word_1_266' title='bbox 826 3683 1018 3745; x_wconf 89' lang='lat' dir='ltr'>quamquam</span> <span class='ocrx_word' id='word_1_267' title='bbox 1046 3669 1190 3747; x_wconf 90' lang='lat' dir='ltr'>prompto</span> <span class='ocrx_word' id='word_1_268' title='bbox 1213 3661 1256 3726; x_wconf 86' lang='lat' dir='ltr'>ad</span> 
     </span>
     <span class='ocr_line' id='line_1_35' title="bbox 221 3764 1255 3850; baseline -0.003 -18"><span class='ocrx_word' id='word_1_269' title='bbox 221 3765 433 3850; x_wconf 84' lang='lat' dir='ltr'>capessendos</span> <span class='ocrx_word' id='word_1_270' title='bbox 458 3764 594 3831; x_wconf 89' lang='lat' dir='ltr'>honores</span> <span class='ocrx_word' id='word_1_271' title='bbox 620 3765 718 3848; x_wconf 90' lang='lat' dir='ltr'>aditu,</span> <span class='ocrx_word' id='word_1_272' title='bbox 746 3766 962 3831; x_wconf 86' lang='lat' dir='ltr'>Maecenatem</span> <span class='ocrx_word' id='word_1_273' title='bbox 985 3767 1163 3832; x_wconf 91' lang='lat' dir='ltr'>aemulatus</span> <span class='ocrx_word' id='word_1_274' title='bbox 1187 3766 1255 3830; x_wconf 89' lang='lat' dir='ltr'>sine</span> 
     </span>
    </p>
   </div>
   <div class='ocr_carea' id='block_1_3' title="bbox 216 3868 1257 3953">
    <p class='ocr_par' dir='ltr' id='par_1_3' title="bbox 216 3868 1257 3953">
     <span class='ocr_line' id='line_1_36' title="bbox 216 3868 1257 3953; baseline 0.001 -20"><span class='ocrx_word' id='word_1_275' title='bbox 216 3869 376 3953; x_wconf 65' lang='lat' dir='ltr'>drgrnitate</span> <span class='ocrx_word' id='word_1_276' title='bbox 402 3869 562 3936; x_wconf 89' lang='lat' dir='ltr'>senatoria</span> <span class='ocrx_word' id='word_1_277' title='bbox 587 3868 703 3935; x_wconf 91' lang='lat' dir='ltr'>multos</span> <span class='ocrx_word' id='word_1_278' title='bbox 725 3869 960 3953; x_wconf 83' lang='lat' dir='ltr'>triumphalium</span> <span class='ocrx_word' id='word_1_279' title='bbox 984 3870 1257 3951; x_wconf 87' lang='lat' dir='ltr'>consulariumque</span> 
     </span>
    </p>
   </div>
   <div class='ocr_carea' id='block_1_4' title="bbox 71 3940 99 3959">
    <p class='ocr_par' dir='ltr' id='par_1_4' title="bbox 71 3940 99 3959">
     <span class='ocr_line' id='line_1_37' title="bbox 71 3940 99 3959; baseline 0 0"><span class='ocrx_word' id='word_1_280' title='bbox 71 3940 99 3959; x_wconf 65' lang='lat' dir='ltr'>h.</span> 
     </span>
    </p>
   </div>
   <div class='ocr_carea' id='block_1_5' title="bbox 0 0 1388 4214">
    <p class='ocr_par' dir='ltr' id='par_1_5' title="bbox 0 0 1388 4214">
     <span class='ocr_line' id='line_1_38' title="bbox 0 0 1388 4214; baseline 0 0"><span class='ocrx_word' id='word_1_281' title='bbox 0 0 1388 4214; x_wconf 95' lang='lat' dir='ltr'> </span> 
     </span>
    </p>
   </div>
  </div>
 </body>
</html>
