2760 4214
190 174 233 238 42
451 189 500 244 Ab
513 205 629 246 excessu
641 191 674 246 u.
688 190 965 260 noguerias-ro.

191 365 344 430 auxilium
373 372 499 450 patrum
528 365 705 431 invocabat.
744 366 964 431 resistentibus
994 364 1108 430 aerarii
1137 385 1230 449 prae·
1276 446 1280 457 ‚

190 471 311 537 toribus
340 473 488 536 subvenit
512 472 629 537 Caesar
654 471 853 555 pretiumque
876 470 1003 535 aedium
1024 469 1153 535 Aurelio
1176 469 1229 534 tri·

191 575 268 656 buit,
302 575 482 660 erogandae
515 596 571 659 per
604 575 738 640 honesta
766 576 921 659 pecuniae
955 574 1096 659 cupiens,
1131 594 1228 656 quam

191 679 338 743 virtutem
368 678 423 743 diu
453 679 590 759 retinuit,
626 700 697 744 cum
728 686 848 744 ceteras
880 684 1019 744 exueret.
1063 677 1228 762 Propertio

192 783 294 848 Celeri
309 784 475 867 praetorio,
498 784 625 848 reniam
648 783 767 848 ordinis
790 784 830 848 ob
853 789 1073 867 paupertatem
1095 781 1227 866 petenti,

191 886 320 952 deciens
350 888 527 952 sestertium
557 887 686 971 largitus
718 895 774 968 est,
806 887 883 952 satis
906 893 1055 970 conperto
1077 892 1228 970 paternas

192 992 221 1055 ci
236 989 401 1074 angustias
416 1009 495 1055 esse.
526 992 711 1075 temptantis
727 990 840 1056 cadem
855 990 933 1056 ahos
948 991 1082 1075 probare
1098 1009 1229 1054 causam

191 1095 315 1160 senatui
337 1095 438 1176 iussit,
462 1095 609 1179 cupidine
632 1096 810 1161 severitatis
833 1096 866 1160 in
889 1096 927 1160 iis
951 1095 1047 1160 etiam
1070 1095 1228 1176 quaerite

191 1197 309 1265 faceret
338 1199 479 1264 acerbus.
519 1200 602 1264 unde
634 1200 728 1264 ceteri
759 1200 917 1264 silentium
947 1204 978 1263 et
1007 1204 1228 1283 paupertatem

191 1303 382 1370 confessioni
405 1312 436 1369 et
457 1304 611 1369 beneficio
634 1325 854 1388 praeposuere.

19 1403 125 1519 511θὲξὲ
136 1406 173 1450 ⁰²⁰
278 1407 296 1469 7
300 1408 328 1471 6.
352 1407 472 1473 Eodem
500 1429 583 1472 anno
608 1408 764 1473 continuis
786 1408 941 1473 imbribus
967 1412 1079 1471 auctus
1101 1405 1229 1471 Tiberis

30 1560 107 1615 mm
121 1504 164 1605 ὦ
191 1514 287 1596 plana
320 1513 407 1578 urbis
441 1519 658 1597 stagnaverat;
693 1514 888 1578 relabentem
922 1518 1030 1576 secuta
1064 1516 1112 1575 est
1141 1509 1229 1574 aedi-

31 1631 160 1675 uuoaouu
190 1616 332 1681 liciorum
348 1623 379 1681 et
394 1616 556 1682 hominum
572 1623 703 1701 strages.
728 1617 823 1700 igitur
839 1617 962 1681 censuit
972 1615 1102 1680 Asinius
1117 1613 1229 1679 Gallus

38 1702 153 1822 suffit
191 1728 226 1785 ut
242 1721 313 1786 libri
325 1721 472 1786 Sibullini
487 1720 656 1785 adirentur.
681 1721 784 1785 renuit
798 1721 953 1801 Tiberius,
969 1718 1101 1805 perinde
1117 1717 1232 1783 divina

31 1838 161 1893 brorium·
192 1824 393 1907 humanaque
420 1825 586 1910 obtegens3
622 1823 678 1889 sed
700 1824 876 1889 remedium
899 1822 1065 1889 coercendi
1087 1821 1228 1888 fluminis

26 1926 167 2047 albichi*
192 1929 284 1993 Ateio
316 1928 462 2012 Capitoni
493 1935 524 1994 et
545 1929 581 1994 L.
605 1928 752 1993 Arruntio
783 1927 976 1992 mandatum.
1004 1925 1160 1991 Achaiam
1189 1946 1229 1991 ac

48 2002 143 2119 ‘phile'
192 2033 410 2099 Macedoniam
432 2054 529 2112 onera
551 2033 749 2118 deprecantis
771 2032 870 2097 levari
885 2033 918 2095 in
934 2050 1084 2115 praesens
1099 2049 1229 2114 procon-

193 2137 289 2202 sulari
311 2137 441 2220 imperio
464 2136 607 2219 tradique
632 2136 759 2203 Caesari
782 2136 907 2221 placuit.
947 2133 1079 2200 edendis
1109 2132 1230 2217 gladia·

193 2240 321 2321 toribus,
345 2261 423 2323 quos
446 2240 625 2306 Germanici
647 2241 752 2306 fratris
775 2261 813 2304 ac
836 2260 892 2305 suo
912 2239 1038 2304 nomine
1061 2239 1228 2320 obtulerat,

192 2346 315 2410 Drusus
330 2344 498 2428 praesedit,
515 2365 706 2427 quamquam
721 2345 777 2409 vili
792 2345 947 2427 sanguine
959 2342 1053 2407 nimis
1067 2340 1229 2427 gaudens3

193 2449 277 2532 quod
299 2449 333 2513 in
355 2449 470 2532 vulgus
493 2448 727 2514 formidolosum
744 2456 775 2514 et
790 2455 881 2532 pater
895 2448 1038 2532 arguisse
1054 2446 1228 2511 dicebatur.

194 2575 249 2619 cur
281 2554 469 2620 abstinuerit
503 2554 681 2637 spectaculo
717 2555 797 2637 ipse,
832 2554 920 2618 varie
954 2551 1138 2636 trabebant3
1175 2550 1230 2615 alii

193 2657 298 2724 taedio
321 2664 438 2738 coetus,
473 2655 602 2739 quidam
625 2656 752 2721 tristitia
774 2657 894 2740 ingenii
919 2662 950 2720 et
973 2661 1058 2720 metu
1081 2674 1231 2738 conpara-

194 2763 298 2843 tionis,
322 2762 396 2845 quia
410 2762 573 2843 Augustus
589 2760 718 2826 comiter
733 2760 936 2826 interfuisset.
961 2780 1024 2824 non
1041 2757 1230 2824 crediderim

194 2867 236 2932 ad
252 2865 472 2931 ostentandam
489 2865 654 2930 saevitiam
670 2864 907 2947 movendasque
918 2864 1026 2949 populi
1037 2863 1230 2928 offensiones

195 2990 377 3036 concessam
407 2969 471 3033 filio
505 2971 678 3051 materiem,
718 2989 908 3052 quamquam
942 2967 975 3032 id
1010 2987 1134 3050 quoque
1167 2966 1230 3032 dio

194 3083 261 3140 tum
284 3080 340 3140 cst.

39 3176 158 3298 “affiatu
283 3178 333 3243 77.
357 3179 399 3242 At
422 3176 536 3242 theatri
558 3178 696 3260 licentia,
720 3177 864 3262 proximo
887 3177 990 3260 priore
1005 3195 1090 3239 anno
1107 3179 1230 3258 coepta,

67 3326 133 3369 mm
194 3283 323 3366 gravius
345 3290 412 3346 tum
435 3282 547 3366 erupit,
571 3282 683 3348 occisis
704 3303 768 3346 non
791 3281 884 3346 modo
907 3301 925 3346 e
947 3280 1050 3365 plebe,
1081 3284 1130 3344 set
1152 3278 1231 3342 mili-

48 3386 150 3438 Wlm‘
195 3387 278 3452 tibus
302 3393 333 3451 et
356 3385 547 3465 centurione,
571 3385 735 3450 vulnerato
751 3384 876 3449 tribuno
892 3383 1067 3468 praetoriae
1083 3381 1231 3463 cohortis

61 3456 139 3508 ΜΨ
196 3490 271 3554 dum
293 3492 408 3574 probra
430 3490 463 3553 in
487 3489 690 3572 magistratus
713 3497 744 3554 et
766 3488 995 3553 dissensionem
1018 3485 1106 3570 vulgi
1128 3484 1233 3569 probi-

195 3595 280 3660 bent.
315 3601 420 3659 actum
444 3593 483 3660 de
507 3614 545 3659 ea
567 3593 723 3659 seditione
745 3592 831 3677 apud
853 3600 958 3677 patres
980 3589 1233 3672 dicebautruque

196 3701 380 3782 sententiae,
404 3706 439 3764 ut
454 3700 650 3784 praetoribus
666 3700 715 3764 ius
729 3699 889 3782 virgarum
904 3700 937 3762 in
954 3696 1120 3761 histriones
1136 3701 1230 3761 esset.

195 3805 372 3870 intercessit
387 3805 536 3870 Haterius
551 3805 695 3888 Agrippa
716 3801 860 3868 tribunus
875 3802 980 3887 plebei
995 3800 1233 3884 increpitusque

193 3915 244 3975 est
262 3909 366 3974 Asinii
392 3908 473 3974 Galli
507 3907 659 3990 oratione,
689 3907 801 3972 silente
823 3907 960 3988 Tiberio,
991 3905 1045 3988 qni
1077 3925 1117 3971 ca
1138 3903 1234 3969 simu-
