2760 4214
186 184 227 247 46
457 201 506 255 Ab
520 217 635 256 excessu
648 202 681 255 D.
695 202 819 272 Augusti
832 204 949 259 114-8.

13 371 67 418 mitt
85 373 168 425 assent
271 375 300 439 4.
326 376 409 441 Dein
431 377 518 441 iussu
540 377 677 461 Augusti
700 377 864 461 impositus
886 379 1081 444 Artavasdes
1104 385 1137 445 et
1159 399 1223 444 non

40 442 83 487 uuo
99 448 141 486 oon
203 480 209 494 .

44 512 140 557 diluunt

38 583 141 636 cetarum

52 653 127 706 stitit·

184 499 253 546 srne
277 479 364 546 clade
388 487 495 546 nostra
518 480 668 546 deiectus.
704 488 772 546 tum
788 482 886 547 Gaius
903 483 1019 548 Caesar
1035 503 1224 568 componen-

185 585 244 650 dae
259 586 429 650 Armeniae
452 584 609 669 deligitur.
637 587 664 650 is
679 588 923 668 Ariobarzanen,
947 587 1067 670 origine
1082 587 1222 663 Medum,

184 690 224 755 ob
261 690 420 774 insignem
459 691 596 774 corporis
631 689 763 754 formam
787 698 818 755 et
851 692 1047 776 praeclarum
1080 692 1224 756 animum

184 793 364 859 volentibus
378 794 537 858 Armeniis
559 793 721 878 praefecit.
750 794 963 860 Ariobarzane
979 802 1078 860 morte
1094 795 1223 861 fortuita

184 898 352 981 absumpto
376 898 505 981 stirpem
529 898 596 962 eius
618 896 704 961 haud
728 899 915 982 tolerarere3
939 905 1155 984 temptatoque
1179 899 1223 965 fe·

184 1000 289 1064 minae
319 1000 460 1084 imperio,
498 1001 547 1064 cui
577 1021 692 1066 nornen
722 1002 828 1083 Erato,
864 1022 964 1084 eaque
999 1003 1089 1068 brevi
1120 1004 1221 1087 pulsa,

184 1105 295 1169 incerti
319 1104 474 1192 solutique
497 1112 528 1170 et
550 1106 653 1189 magis
676 1105 744 1171 sine
767 1105 893 1171 domino
917 1127 1011 1189 quam
1027 1107 1060 1171 in
1076 1107 1222 1173 libertate

184 1208 351 1294 profugum
367 1210 521 1274 Vononen
543 1211 576 1273 in
600 1231 731 1294 regnum
754 1210 922 1294 accipiunt.
961 1211 1019 1276 sed
1047 1211 1103 1276 ubi
1133 1212 1222 1276 mini·

130 1303 137 1322 '
185 1315 245 1378 tari
275 1314 454 1378 Artabanus
485 1321 517 1379 et
546 1334 656 1398 parurn
686 1314 818 1379 subsidii
848 1315 880 1378 in
903 1315 1071 1397 Armeniis,
1102 1316 1164 1397 vel,
1196 1317 1223 1382 si

58 1830 129 1874 traua

26 1899 158 1952 ourqtrlcu

72 1970 108 2014 ort

13 2039 166 2084 demoritur.

186 1425 291 1483 nostra
314 1419 345 1483 vi
370 1417 600 1500 defenderetur,
631 1418 747 1484 bellum
767 1418 919 1484 adversus
941 1420 1074 1486 Parthos
1097 1440 1222 1486 sumen·

185 1523 260 1587 dum
284 1529 360 1604 erat,
383 1530 485 1588 rector
500 1524 609 1589 Suriae
626 1524 766 1589 Creticus
783 1524 909 1589 Silanus
924 1525 1062 1590 excitum
1078 1524 1223 1590 custodia

186 1627 367 1709 circumdat,
384 1634 533 1692 manente
547 1629 625 1692 luxu
641 1634 672 1692 et
687 1629 775 1712 regio
790 1629 925 1693 nomine.
954 1627 1037 1710 quod
1051 1629 1221 1694 ludibrium

185 1739 220 1797 ut
243 1733 382 1816 effugere
405 1732 574 1815 agitaverit
595 1732 755 1813 Vonones,
779 1733 813 1795 in
835 1733 904 1797 loco
926 1731 1104 1798 reddemus.

272 1836 301 1901 5.
327 1837 473 1902 Ceterum
496 1836 622 1902 Tiberio
652 1835 738 1900 haud
767 1837 926 1920 ingratum
955 1835 1071 1901 accidit
1100 1837 1222 1903 turbari

184 1961 235 2005 res
257 1938 406 2021 Orientis,
429 1948 464 2004 ut
487 1961 525 2005 ea
548 1941 653 2024 specie
676 1940 898 2005 Germanicum
921 1942 1019 2006 suetis
1040 1941 1220 2024 legionibus

184 2043 382 2109 abstraheret
408 2045 561 2125 novisque
588 2045 759 2128 provinciis
787 2045 956 2127 inpositum
980 2043 1051 2108 dolo
1074 2045 1166 2110 simul
1190 2052 1222 2110 et

185 2148 310 2213 casibus
333 2148 514 2214 obiectaret.
545 2149 659 2229 atille,
684 2155 801 2230 quanto
824 2150 945 2212 acriora
965 2149 998 2212 in
1021 2169 1094 2213 eum
1117 2148 1222 2214 studia

184 2253 316 2317 militum
345 2258 376 2316 et
403 2272 515 2317 aversa
542 2252 645 2336 patrui
668 2253 823 2334 voluntas,
855 2251 1040 2318 celerandae
1070 2253 1222 2318 victoriae

183 2358 340 2438 intentior,
372 2363 507 2421 tractare
530 2356 718 2441 proeliorum
741 2357 809 2422 vias
837 2363 868 2421 ct
896 2377 976 2439 quae
1007 2357 1067 2421 sibi
1094 2357 1246 2422 tertium-

183 2461 247 2525 iam
278 2481 395 2525 annum
428 2461 626 2545 belligeranti
657 2480 754 2525 saera
781 2462 832 2525 vel
854 2481 1005 2544 prospera
1028 2461 1220 2527 evenissent.

184 2565 274 2630 fundi
297 2566 472 2630 Germanos
494 2565 562 2630 acie
586 2571 617 2630 et
639 2566 730 2630 iustis
753 2565 838 2645 loeis,
861 2565 963 2629 iuvari
980 2565 1077 2646 silvis,
1100 2565 1221 2649 paludi-

184 2671 253 2751 bus,
284 2671 373 2735 brevi
395 2676 516 2736 aestate
540 2675 571 2734 et
593 2676 793 2753 praematura
815 2669 934 2753 hienre3
966 2689 1057 2734 suurn
1088 2669 1221 2734 militem

184 2774 269 2839 haud
297 2774 428 2859 perinde
456 2773 640 2839 vulneribus
663 2794 756 2856 quam
781 2773 892 2858 spatiis
914 2774 1072 2855 itinerum,
1103 2772 1222 2839 damno

184 2899 340 2943 armorum
356 2878 464 2962 adfici;
488 2879 590 2944 fessas
606 2878 724 2943 Gallias
740 2877 957 2943 ministrandis
972 2878 1076 2962 equis,
1093 2878 1223 2962 longum

184 2983 481 3067 impedimentorum
508 3003 624 3066 agmen
647 2988 856 3066 opportunum
879 2983 921 3047 ad
943 2982 1084 3063 insidias,
1115 2981 1223 3047 defen·

185 3087 328 3152 santibus
358 3087 508 3170 iniquum.
547 3093 580 3150 at
607 3086 633 3151 si
661 3107 747 3150 mare
769 3087 911 3167 intretur,
943 3093 1120 3171 promptam
1144 3087 1222 3170 ipsis

184 3191 415 3275 possessionem
439 3197 470 3256 et
492 3190 634 3255 hostibus
656 3191 805 3273 ignotam,
830 3190 921 3254 simul
937 3191 1052 3255 bellum
1068 3190 1222 3255 maturius

184 3295 281 3379 incipi
305 3295 508 3378 legionesque
532 3300 564 3358 et
587 3300 779 3358 commeatus
802 3293 920 3377 pariter
943 3293 1030 3378 vehi;
1062 3295 1221 3378 integrum

185 3400 322 3482 equitem
346 3418 506 3481 equosque
530 3417 662 3481 perora
686 3403 717 3461 et
739 3398 848 3462 alveos
870 3396 1035 3461 fluminum
1058 3397 1164 3463 media
1186 3398 1220 3462 in

186 3503 355 3568 Germania
378 3502 453 3567 fore.

272 3607 301 3670 6.
325 3607 425 3689 Igitur
451 3605 513 3670 huc
540 3604 685 3687 intendit,
717 3605 821 3670 missis
848 3605 891 3669 ad
914 3625 1026 3670 census
1050 3605 1222 3670 Galliarum

185 3712 219 3776 P.
241 3711 367 3775 Vitellio
397 3716 429 3775 et
459 3711 493 3776 C.
523 3711 626 3775 Antio.
673 3710 767 3776 Silius
798 3716 830 3776 et
858 3710 992 3775 Anteius
1022 3716 1054 3775 et
1084 3710 1222 3776 Caecina

185 3814 389 3882 fabricandae
421 3815 514 3880 classi
543 3821 788 3900 praeponuntur.
831 3815 916 3880 mille
947 3834 1045 3880 naves
1075 3813 1221 3879 sufficere

184 3921 272 3986 risae
290 3926 553 4005 properataequc,
577 3920 659 3985 aliae
674 3919 788 3984 breves
803 3926 938 4002 angusta
953 3919 1051 4004 puppi
1066 3938 1222 4003 proraque
