2760 4214
226 149 267 213 72
468 167 517 221 Ab
537 183 653 222 excessu
671 168 704 222 D.
718 167 844 238 Augusti
862 170 890 222 Il
909 172 1020 226 56-60.

78 338 184 451 bqqpoo
312 341 363 405 56.
387 341 547 425 Ambigua
569 362 649 424 gens
672 362 710 406 ea
732 343 908 425 antiquitus
938 343 1102 408 homiuum
1128 344 1267 427 ingeniis

59 474 201 528 &pamma
225 451 258 509 et
280 444 342 509 situ
365 451 529 526 terrarum,
562 446 711 527 quoniam
742 447 858 512 nostris
881 448 1053 531 provinciis
1084 449 1148 512 late
1177 467 1267 532 prae-

61 545 93 590 ¹¹⁸¹
107 545 193 590 uota.
225 555 315 614 tenta
336 550 464 633 penitus
487 548 529 613 ad
551 548 661 615 Medos
685 551 867 634 porrigitur,
890 551 1103 633 maximisque
1125 551 1267 635 imperiis

225 653 382 718 interiecti
413 659 445 717 et
475 653 602 737 saepius
632 653 793 719 discordes
816 660 899 736 sunt,
931 654 1084 721 adversm
1106 657 1268 720 Romanos

226 755 298 821 odio
323 757 410 821 etin
436 755 584 821 Parthum
608 756 738 822 invidia.
784 779 892 842 regem
914 758 968 822 illa
991 764 1180 843 tempestate
1203 779 1269 824 non

225 859 397 941 habebant,
429 866 533 925 amoto
557 861 704 944 Vonone;
740 860 797 927 sed
819 861 911 943 favor
931 862 1071 926 nationis
1092 862 1269 927 inclinabat

226 964 259 1027 in
275 964 446 1045 Zenonem,
463 964 641 1029 Polemonis
656 965 741 1048 regis
752 965 876 1030 Pontici
890 965 999 1046 filium,
1016 964 1101 1048 quod
1122 967 1150 1031 is
1164 965 1270 1050 prima

226 1068 267 1132 ab
298 1065 434 1131 infantia
465 1067 609 1132 instituta
636 1074 667 1133 et
696 1069 813 1133 cultum
835 1069 1056 1134 Armeniorum
1078 1071 1267 1151 aemulatus,

226 1176 344 1235 venatu
375 1171 477 1254 epulis
506 1178 538 1236 et
567 1191 650 1253 quae
679 1172 742 1236 alia
770 1172 896 1238 barbari
919 1173 1089 1254 celebrant,
1120 1193 1269 1258 proceres

225 1273 414 1358 plebemque
437 1275 528 1339 iuxta
550 1274 747 1340 devinxerat.
782 1276 877 1360 igitur
904 1276 1110 1342 Germanicus
1133 1277 1166 1341 in
1188 1277 1268 1342 urbe

225 1377 382 1442 Artaxata
392 1378 643 1462 adprobantibus
655 1379 824 1461 nobilibus,
849 1380 1040 1445 circumfusa
1054 1379 1267 1462 multitudine,

226 1482 352 1564 insigne
381 1484 504 1565 regium
534 1483 630 1567 capiti
657 1484 725 1549 eius
753 1484 911 1567 imposuit.
951 1484 1045 1549 ceteri
1077 1491 1268 1549 venerantes

225 1605 335 1668 regem
357 1585 525 1650 Artaxiam
556 1587 805 1667 consalutavere,
834 1586 919 1668 quod
942 1587 987 1651 illi
1011 1589 1199 1652 vocabulum
1222 1587 1268 1651 in-

227 1688 374 1754 diderant
404 1709 445 1754 ex
475 1690 603 1755 nomine
633 1690 729 1755 urbis.
768 1697 802 1754 at
832 1689 1039 1775 Cappadoces
1069 1691 1103 1754 in
1133 1690 1268 1755 formam

226 1794 410 1877 provinciae
443 1794 563 1859 redacti
595 1793 632 1870 Q.
657 1794 830 1859 Veranium
860 1795 999 1878 legatum
1028 1808 1199 1879 accepere,
1235 1801 1268 1860 et

228 1896 384 1979 quaedam
408 1919 448 1963 ex
471 1899 568 1982 regiis
591 1898 715 1964 tributis
739 1898 910 1979 deminuta,
943 1919 1004 1980 quo
1027 1898 1134 1963 mitius
1156 1900 1268 1963 Roma-

227 2020 303 2064 num
319 2001 486 2085 imperium
502 2008 688 2085 speraretur.
713 2002 937 2086 Commagenis
953 2001 990 2078 Q.
1008 2002 1165 2067 Servaeus
1180 2022 1268 2085 prae·

228 2104 363 2187 ponitur,
387 2109 454 2168 tum
476 2104 612 2187 primum
635 2104 676 2169 ad
698 2105 748 2169 ius
771 2105 925 2188 praetoris
948 2105 1118 2171 translatis.

314 2207 365 2270 57.
390 2207 575 2289 Cunctaque
598 2208 726 2273 sociaha
748 2227 897 2292 prospere
920 2209 1094 2292 composita
1115 2228 1180 2274 non
1194 2207 1269 2274 ideo

227 2311 345 2376 laetum
368 2311 590 2376 Germanicum
613 2311 775 2376 habebant
797 2313 837 2377 ob
861 2312 1040 2396 superbiam
1056 2311 1190 2393 Pisonis,
1214 2312 1268 2394 qui

227 2416 332 2480 iussus
354 2421 476 2499 partem
499 2415 660 2498 legionum
683 2415 752 2499 ipse
774 2425 829 2479 aut
847 2436 905 2499 per
919 2415 1019 2480 filium
1035 2416 1069 2479 in
1084 2415 1268 2480 Armeniam

228 2519 344 2584 ducere
366 2526 533 2601 utrumque
553 2518 748 2601 neglexerat.
781 2519 873 2602 Cyrri
889 2519 1017 2584 demum
1032 2519 1119 2603 apud
1135 2518 1269 2584 hiberna

228 2622 381 2689 decumae
396 2623 530 2706 legionis
546 2642 734 2705 convenere,
758 2623 881 2687 firmato
897 2624 996 2701 vultu,
1019 2623 1093 2688 Piso
1114 2622 1269 2688 adversus

228 2734 356 2808 metum,
387 2727 604 2808 Germanicus,
635 2748 676 2792 ne
707 2727 820 2791 minari
843 2726 1035 2812 crederetur,
1067 2733 1099 2792 et
1125 2733 1202 2807 erat,
1235 2733 1270 2791 ut

228 2832 342 2911 rettuli,
374 2831 565 2896 clementior.
608 2830 666 2895 sed
687 2831 782 2894 amici
805 2830 1017 2895 accendendis
1040 2830 1270 2896 offensionibus

229 2934 334 2998 callidi
358 2933 522 2999 intendere
545 2954 630 3014 vera,
654 2933 807 3018 adgerere
829 2934 910 2998 falsa
933 2934 1100 3018 ipsumque
1123 2941 1155 2999 et
1177 2934 1269 2998 Plan·

230 3037 333 3102 cinam
357 3044 388 3100 et
410 3037 491 3114 tilios
514 3037 610 3102 variis
633 3037 735 3102 modis
757 3038 926 3103 criminari.
971 3045 1128 3123 postremo
1158 3039 1270 3123 paucis

228 3140 432 3205 familiarium
459 3140 610 3206 adhibitis
638 3162 740 3207 sermo
768 3148 898 3226 coeptus
921 3161 941 3206 a
963 3143 1110 3222 Caesare,
1142 3141 1269 3224 qualem

229 3246 277 3309 ira
299 3252 331 3310 et
352 3244 562 3310 dissimulatio
584 3246 697 3330 gignit,
731 3266 918 3330 responsum
940 3266 961 3310 a
983 3246 1098 3310 Pisone
1119 3244 1269 3329 precibus

228 3351 481 3434 contumacibus3
513 3349 789 3432 discesseruntque
815 3350 934 3433 apertis
956 3349 1046 3415 odiis.
1091 3355 1163 3434 post
1187 3369 1270 3431 quae

228 3475 318 3519 rarus
340 3455 373 3519 in
396 3454 546 3518 tribunali
569 3453 715 3519 Caesaris
737 3453 820 3534 Piso,
845 3459 876 3518 et
899 3454 926 3518 si
949 3453 1076 3536 quando
1097 3452 1269 3534 adsideret,

227 3567 320 3622 atrox
343 3578 382 3621 ac
404 3557 571 3622 dissentire
594 3556 790 3622 manifestus.
828 3577 892 3621 vox
921 3577 1046 3640 quoque
1070 3558 1137 3623 eius
1160 3555 1271 3622 andita

230 3662 333 3726 estin
358 3661 513 3742 convivio,
541 3682 613 3726 cum
635 3659 721 3744 apud
743 3680 852 3743 regem
875 3662 1111 3726 Nabataeorum
1135 3681 1270 3726 coronae

228 3784 346 3830 aureae
369 3785 484 3848 magno
506 3764 647 3848 pondere
671 3765 799 3830 Caesari
822 3771 854 3829 et
876 3766 1083 3850 Agrippinae,
1107 3767 1195 3830 leves
1220 3766 1270 3829 Pi·

229 3869 300 3935 soni
324 3875 354 3934 et
378 3869 490 3933 ceteris
512 3869 707 3950 offerrentur,
732 3868 884 3953 principis
906 3869 1051 3950 Romani,
1074 3888 1139 3934 non
1161 3868 1271 3933 Parthi
