2760 4214
52 3922 95 3960 h

112 1281 167 1327 nist
183 1288 225 1326 nou

129 1350 211 1406 Bitias

127 1423 211 1476 tabeat.

266 161 327 224 122
474 176 523 231 Ab
543 192 659 232 excessu
677 177 710 230 D.
724 177 850 246 Augusti
868 177 911 231 ΙΙΙ
932 177 1051 232 73—IV
1066 180 1089 231 1.

262 358 334 436 post
364 357 410 416 tot
440 351 650 417 consularium
674 351 870 415 exercituum
893 349 999 415 clades
1022 351 1155 415 inultam
1177 350 1305 414 Italiam

264 455 377 535 urenti,
408 475 600 537 quamquam
624 454 752 520 Sertorii
781 459 877 536 atque
900 452 1091 518 Mithridatis
1120 453 1305 537 ingentibus

263 558 354 624 bellis
376 560 499 623 labaret
521 579 572 623 res
595 559 730 643 publica,
759 557 878 638 datum,
907 564 942 620 ut
964 563 1057 640 pacto
1080 557 1113 621 in
1136 556 1232 621 fidem
1255 577 1305 622 ac·

265 662 434 746 ciperetur3
472 661 589 727 nedum
623 661 833 745 pulcherrimo
866 660 972 744 populi
1006 661 1142 726 Romani
1176 659 1305 743 fastigio

263 766 343 832 latro
365 766 551 830 Tacfarinas
573 785 653 849 pace
677 773 708 831 et
735 765 937 830 concessione
965 784 1111 847 agrorum
1138 764 1305 829 redimere·

265 878 323 935 tur.
354 870 409 934 dat
430 871 592 953 negotium
615 871 740 951 Blaeso,
764 877 885 935 ceteros
908 869 1037 952 quidem
1060 868 1101 933 ad
1125 889 1214 952 spem
1237 889 1305 952 pro

265 974 374 1038 liceret
395 994 484 1037 arma
507 974 575 1039 sine
598 995 684 1039 noxa
707 973 857 1057 ponendi,
880 974 981 1058 ipsius
1003 979 1110 1038 autem
1127 973 1216 1037 ducis
1232 992 1305 1054 quo-

266 1097 328 1159 quo
341 1077 434 1142 modo
449 1084 617 1161 poteretur.
643 1084 675 1141 et
689 1078 808 1161 recepti
825 1097 863 1141 ea
878 1078 974 1142 venia
988 1077 1140 1161 plerique.
1164 1097 1239 1140 mox
1251 1076 1305 1141 ad·

267 1201 391 1246 versum
404 1188 487 1246 artes
495 1181 709 1246 Tacfarinatis
720 1181 806 1245 haud
818 1180 962 1246 dissimili
970 1180 1064 1245 modo
1073 1181 1303 1263 belligeratum.

353 1285 403 1349 74.
428 1287 512 1349 Nam
542 1287 617 1368 quia
646 1286 699 1351 ille
729 1286 840 1350 robore
863 1285 1021 1349 exercitus
1043 1286 1145 1369 inpar,
1177 1283 1306 1348 furandi

265 1390 384 1471 melior,
405 1390 503 1473 pluris
518 1410 575 1474 per
589 1390 701 1473 globos
715 1390 891 1454 incursaret
906 1388 1109 1471 eluderetque
1125 1396 1157 1453 et
1171 1386 1307 1452 insidias

266 1492 359 1558 simul
382 1498 560 1577 temptaret,
584 1499 648 1557 tres
670 1494 823 1573 incessus,
847 1492 978 1557 totidem
998 1493 1128 1575 agmina
1142 1497 1304 1575 parantur.

266 1617 306 1661 ex
330 1597 401 1678 quis
425 1596 590 1661 Cornelius
613 1596 718 1680 Scipio
741 1597 866 1679 legatus
894 1595 1033 1680 praefuit
1057 1616 1118 1678 qua
1141 1594 1306 1679 praedatio

265 1701 298 1763 in
321 1699 508 1783 Leptitanos
539 1705 570 1763 et
601 1699 738 1781 suffugia
761 1699 1002 1784 Garamantum
1033 1700 1095 1763 alio
1125 1700 1232 1778 latere,
1263 1720 1305 1763 ne

267 1804 456 1870 Cirtensium
485 1803 561 1887 pagi
592 1803 721 1886 impune
752 1802 960 1882 traherentur,
992 1803 1152 1886 propriam
1175 1822 1305 1866 manum

265 1907 397 1972 Blaesus
431 1906 513 1971 filius
547 1905 647 1971 duxit.
692 1905 796 1970 medio
831 1926 902 1970 cum
937 1905 1077 1987 delectis,
1113 1906 1242 1970 castella
1273 1912 1306 1971 et

265 2010 456 2075 munitiones
486 2009 608 2076 idoneis
638 2010 715 2075 locis
737 2011 904 2094 inponens,
935 2009 1001 2075 dux
1024 2011 1093 2093 ipse
1115 2016 1185 2074 arta
1208 2016 1239 2074 ct
1261 2010 1307 2073 in-

265 2113 358 2179 fensa
380 2112 524 2178 hostibus
548 2120 661 2178 cuncta
683 2113 812 2195 fecerat,
844 2115 928 2196 quia,
957 2134 1083 2196 quoquo
1107 2114 1306 2196 inclinarent,

265 2237 339 2301 pars
360 2217 468 2298 aliqua
491 2217 599 2281 militis
621 2218 757 2281 Romani
784 2217 818 2281 in
841 2237 904 2299 ore,
936 2218 968 2281 in
991 2218 1090 2282 latere
1114 2224 1146 2282 et
1168 2237 1265 2301 saepe
1287 2238 1308 2282 a

265 2328 354 2405 tergo
377 2326 445 2384 erat
467 2321 619 2403 multique
643 2341 680 2387 eo
704 2320 797 2385 modo
821 2322 905 2386 caesi
920 2327 975 2385 aut
991 2321 1205 2393 circumventi.
1230 2325 1307 2386 tunc

265 2425 456 2509 tripertitum
486 2425 661 2490 exercitum
691 2425 790 2508 pluris
823 2425 855 2488 in
887 2445 1000 2489 manus
1035 2424 1188 2508 dispergit
1217 2444 1307 2508 prae-

264 2529 417 2613 ponitque
434 2529 634 2593 centuriones
650 2527 775 2593 virtutis
791 2535 951 2612 expertae.
976 2548 1045 2608 nec,
1062 2534 1097 2592 ut
1111 2548 1179 2593 mos
1191 2527 1304 2609 fuerat,

264 2638 337 2697 aeta
365 2639 487 2697 aestate
517 2631 650 2696 retrahit
682 2632 789 2715 copias
816 2637 872 2696 aut
895 2632 928 2695 in
950 2631 1165 2697 hibernaculis
1188 2633 1305 2697 veteris

264 2736 448 2820 provinciae
464 2736 632 2820 componit,
656 2735 712 2800 sed
727 2743 762 2800 ut
784 2736 819 2799 in
841 2736 949 2800 limine
972 2737 1048 2801 belli
1071 2735 1232 2820 dispositis
1256 2756 1305 2800 ca-

265 2840 363 2905 stellis
396 2860 453 2924 per
486 2839 652 2924 expeditos
686 2848 718 2904 et
747 2839 951 2905 solitudinum
981 2861 1097 2924 gnaros
1130 2845 1305 2905 mutantem

265 2943 403 3026 mapalia
414 2943 648 3008 Tacfarinatem
665 2945 880 3027 proturbabat,
899 2943 1000 3008 donec
1016 2944 1114 3008 fratre
1127 2944 1195 3008 eius
1211 2949 1304 3027 capto

264 3065 426 3130 regressus
449 3052 506 3127 est,
541 3048 763 3130 properantius
785 3058 893 3112 tamen
916 3068 1011 3130 quam
1036 3067 1076 3112 ex
1100 3047 1237 3113 utilitate
1259 3067 1305 3112 so

265 3149 394 3229 ciorum,
418 3149 535 3214 relictis
557 3170 614 3234 per
637 3171 715 3233 quos
738 3157 916 3234 resurgeret
931 3150 1062 3233 bellum.
1087 3149 1144 3215 sed
1159 3150 1305 3215 liberius

263 3273 320 3336 pro
351 3253 495 3319 confecto
524 3253 749 3337 interpretatus
779 3253 812 3318 id
836 3274 961 3336 quoque
983 3255 1097 3319 Blaeso
1120 3253 1239 3334 tribuit,
1270 3259 1307 3318 nt

263 3356 434 3440 imperator
462 3377 483 3420 a
512 3356 690 3440 legionibus
723 3356 921 3438 salutaretur,
956 3357 1060 3440 prisco
1097 3376 1173 3440 erga
1207 3356 1305 3422 duces

263 3458 391 3541 honore,
416 3460 469 3542 qui
492 3461 575 3525 bene
597 3466 689 3544 gesta
711 3481 745 3525 re
768 3461 896 3545 publica
918 3460 1035 3544 gaudio
1059 3467 1092 3525 et
1105 3461 1227 3544 impetu
1242 3461 1306 3526 vic

263 3563 339 3630 toris
370 3563 529 3628 exercitus
563 3565 856 3648 conclamabantur,
892 3570 1044 3646 erantque
1068 3565 1181 3648 'plures
1211 3565 1306 3629 simul

263 3665 470 3751 imperatores
492 3686 552 3731 nec
575 3686 670 3750 super
693 3674 867 3732 ceterorum
890 3669 1123 3749 aequalitatem.
1147 3668 1306 3734 concessit

263 3770 455 3853 quibusdam
478 3777 509 3835 et
531 3772 695 3855 Augustus
716 3771 751 3835 id
773 3772 971 3854 vocabulum,
1001 3792 1040 3837 ac
1062 3780 1138 3838 tune
1159 3772 1307 3838 Tiberius

249 3875 372 3944 Blaeso
391 3882 603 3964 postremum.
