2760 4214
465 170 645 225 aucuns.
668 168 826 238 ochran.
1101 151 1162 216 119

124 366 195 410 cum
227 365 321 429 super
353 351 398 409 tot
430 350 593 409 senatores
620 343 772 408 adversos
802 342 1037 408 facundissimis
1067 343 1162 408 totius

124 450 220 514 Asiae
251 468 352 531 eoque
381 448 424 512 ad
453 446 668 513 accusandum
697 446 828 512 delectis
850 445 1056 530 responderet
1079 446 1163 511 solus

125 561 156 619 et
178 553 291 618 orandi
313 553 449 633 nescius,
473 553 598 636 proprio
614 552 646 615 in
662 558 758 632 metu,
780 551 834 633 qui
850 551 1022 616 exercitam
1039 570 1163 632 quoque

125 658 336 740 eloquentiam
360 657 514 737 debilitat,
541 676 605 720 non
628 663 825 739 temperante
846 655 973 720 Tiberio
997 655 1072 737 quin
1095 675 1163 738 pre·

125 769 224 827 meret
246 783 324 827 voce
346 763 446 842 vultu,
470 780 507 825 eo
531 759 617 842 quod
640 760 708 844 ipse
731 759 921 825 creberrime
936 759 1162 841 interrogabat,

125 886 228 947 neque
251 865 395 931 refellere
417 871 473 929 aut
495 863 622 928 eludere
645 863 789 943 dabatur,
812 883 850 928 ac
870 883 966 947 saepe
982 863 1077 927 etiam
1093 883 1163 927 con-

125 969 278 1034 fitendum
309 976 385 1050 erat,
416 990 457 1033 ne
487 969 604 1033 frustra
633 968 851 1050 quaesivisset.
897 987 1004 1032 servos
1038 987 1163 1050 quoque

126 1074 234 1154 Silani,
258 1080 292 1138 ut
314 1072 478 1138 tormentis
500 1073 780 1155 interrogarentur,
802 1078 889 1136 actor
910 1072 1055 1155 publicus
1077 1091 1163 1135 man-

126 1178 207 1262 cipio
230 1184 406 1261 acceperat.
454 1182 485 1241 et
508 1197 548 1240 ne
571 1177 641 1258 quis
664 1176 915 1241 necessariorum
938 1177 1062 1241 iuvaret
1084 1176 1163 1260 peri-

125 1283 296 1361 clitantem,
330 1282 506 1347 maiestatis
539 1281 671 1345 crimina
700 1280 928 1362 subdebantur,
962 1281 1101 1345 vinclum
1132 1287 1164 1345 et

126 1385 299 1451 necessitas
333 1384 458 1450 silendi.
496 1384 593 1468 igitur
626 1385 724 1468 petito
758 1404 930 1468 paucorum
964 1384 1087 1449 dierum
1119 1385 1163 1449 in-

125 1490 256 1554 teriectu
287 1487 506 1554 defensionem
537 1489 585 1553 sui
619 1488 767 1569 deseruit,
802 1489 889 1553 ausis
922 1488 963 1552 ad
996 1489 1163 1554 Caesarem

126 1592 287 1674 codicillis,
312 1593 427 1675 quibus
450 1591 606 1657 invidiam
631 1597 662 1656 et
683 1612 794 1676 preces
817 1592 995 1657 miscuerat.

212 1697 263 1760 68.
287 1697 432 1762 Tiberius
456 1697 593 1778 quaein
616 1696 759 1762 Silanum
781 1697 925 1780 parabat,
950 1716 1012 1778 quo
1035 1716 1165 1761 excusa-
1210 1698 1255 1742 unt
1269 1707 1307 1751 ³¹¹1

125 1803 187 1866 tius
210 1802 269 1866 sub
293 1801 440 1884 exemplo
462 1801 690 1883 acciperentur,
722 1799 845 1865 libellos
875 1798 941 1864 divi
964 1800 1101 1884 Augusti
1124 1799 1164 1864 de
1187 1767 1333 1882 ῗζῖζξῗζῖῠ

124 1905 238 1970 Voleso
256 1904 403 1969 Messalla
426 1903 568 1968 eiusdem
584 1903 680 1969 Asiae
702 1924 759 1987 pro
783 1904 911 1968 consule
933 1903 1115 1985 factumque
1131 1904 1164 1967 in

125 2030 197 2074 eum
221 2014 350 2074 senatus
374 2009 552 2073 consultum
575 2009 700 2072 recitari
722 2008 820 2074 iubet.
859 2015 926 2073 tum
955 2009 991 2072 L.
1015 2009 1164 2073 Pisonem

126 2113 316 2178 sententiam
349 2117 449 2195 rogat.
496 2112 549 2176 ille
579 2112 711 2176 multum
743 2112 783 2177 de
814 2112 983 2177 clementia
1012 2111 1164 2196 principis

125 2215 287 2300 praefatus
309 2235 394 2296 aqua
416 2221 511 2297 atque
533 2215 600 2299 igni
623 2215 732 2281 Silano
761 2215 1014 2281 interdicendum
1042 2216 1164 2280 censuit

125 2320 292 2403 ipsumque
315 2320 348 2382 in
371 2318 507 2384 insulam
523 2319 904 2404 Gyarumrelegaudum.
930 2320 1042 2384 eadem
1058 2321 1163 2401 ceteri,

125 2424 186 2487 nisi
215 2422 297 2504 quod
321 2423 379 2489 On.
402 2422 555 2487 Lentulus
578 2424 757 2507 separanda
780 2424 881 2490 Silani
903 2431 1046 2488 materna
1069 2425 1163 2504 bona,

126 2528 241 2611 quippe
265 2527 339 2590 Atia
361 2533 493 2610 parente
516 2526 625 2610 geniti,
654 2526 881 2609 reddendaque
903 2526 967 2591 filio
990 2526 1080 2608 dixit,
1112 2527 1164 2590 ad-

125 2638 242 2696 nuente
264 2632 401 2696 Tiberio.

211 2736 262 2799 69.
285 2737 328 2799 At
344 2736 508 2802 Cornelius
523 2736 690 2801 Dolabella
710 2735 785 2799 dum
807 2735 1021 2801 adulationem
1037 2735 1163 2819 longius
1207 2732 1312 2778 mm&

128 2839 279 2920 sequitur,
310 2840 473 2923 increpitis
504 2840 538 2905 C.
563 2840 662 2906 Silani
692 2840 832 2905 moribus
861 2839 994 2920 addidit,
1022 2858 1063 2903 ne
1093 2840 1163 2921 quis
1190 2804 1326 2927 mmm,

124 2943 191 3006 vita
213 2943 383 3026 probrosus
407 2950 438 3008 et
465 2951 592 3028 opertus
616 2944 748 3008 infamia
771 2945 968 3030 provinciam
991 2945 1161 3028 sortiretur,
1181 2943 1338 3022 &millam

124 3046 220 3128 idque
243 3047 392 3131 princeps
415 3047 611 3113 diiudicaret.
643 3069 718 3112 nam
733 3069 754 3112 a
768 3049 892 3132 legibus
913 3048 1029 3113 delicta
1043 3049 1163 3133 puniri:
1187 3013 1331 3127 numm

124 3157 242 3231 quanto
266 3150 333 3214 fore
356 3151 464 3216 mitius
485 3152 519 3215 iu
541 3152 638 3236 ipsos,
669 3152 782 3217 melius
805 3153 837 3216 in
861 3154 972 3233 socios,
1003 3151 1163 3237 provideri
1195 3152 1322 3198 cucuron.

123 3274 164 3318 ne
199 3255 406 3338 peccaretur?
439 3255 608 3321 adversum
639 3276 721 3338 quae
755 3256 903 3321 dissemit
934 3257 1064 3322 Caesar:
1099 3277 1163 3321 non

125 3357 252 3439 quidem
276 3358 337 3422 sibi
360 3359 474 3442 ignara
496 3379 578 3441 quae
594 3359 634 3425 de
650 3360 758 3426 Silano
781 3360 1003 3443 vulgabantur,
1028 3358 1162 3424 sednon

124 3481 164 3525 ex
188 3482 311 3527 rumore
327 3460 539 3527 statuendum.
563 3463 678 3529 multos
692 3465 725 3528 in
741 3463 913 3548 provinciis
928 3469 1046 3544 contra,
1068 3482 1162 3545 quam

124 3585 196 3648 spes
219 3572 274 3628 aut
296 3572 399 3630 metus
422 3564 462 3629 de
485 3566 547 3632 illis
569 3566 672 3648 fuerit,
705 3568 822 3650 egisse:
854 3567 988 3632 excitari
1010 3566 1163 3649 quosdam

123 3667 165 3731 ad
187 3668 318 3734 meliora
340 3669 560 3754 magnitudine
582 3690 697 3752 rerum,
732 3670 902 3736 hebescere
925 3671 1013 3735 alios.
1059 3689 1164 3751 neque
1225 3738 1227 3741 ,

122 3792 215 3856 posse
238 3774 414 3857 principem
430 3794 488 3839 sua
504 3775 638 3839 scientia
653 3783 768 3840 cuncta
783 3775 958 3858 complecti,
982 3794 1085 3857 neque
1109 3794 1163 3838 ex·

122 3876 231 3960 pedire
254 3885 288 3942 ut
311 3878 484 3944 ambitione
506 3879 611 3944 aliena
634 3878 784 3944 trahatur.
815 3879 888 3946 ideo
910 3880 1005 3963 leges
1021 3880 1065 3944 in
1078 3879 1180 3942 laeta
