2760 4214
412 202 436 242 a.
451 187 483 244 U.
497 203 520 242 c.
535 191 594 244 772.
621 205 647 256 p.
661 188 723 243 Chr.
740 192 780 245 19.
1075 174 1114 238 77

71 360 168 426 misit.
198 360 412 445 Rhescuporis
434 361 518 427 inter
540 368 659 427 metum
683 369 715 427 et
729 363 809 427 iram
825 369 990 429 cunctatus
1005 364 1116 430 maluit

70 464 190 550 patrati
220 485 315 547 quam
346 464 466 550 incepti
495 466 644 532 facinoris
672 487 744 532 reus
772 487 855 532 esse:
887 467 988 532 occidi
1011 469 1116 553 Cotyn

69 569 161 636 iubet
183 576 379 652 mortemque
402 576 517 655 sponte
539 578 697 656 sumptam
722 572 901 637 ementitur.
933 592 993 637 nec
1007 579 1115 639 tamen

70 673 191 740 Caesar
212 674 347 758 placitas
369 675 467 740 semel
491 682 577 740 artes
600 676 746 757 mutavit,
782 676 839 741 sed
862 676 1012 742 defuncto
1034 678 1115 741 Pan·

70 775 163 858 dusa,
193 797 288 860 quem
318 777 380 843 sibi
409 777 572 843 infensum
594 777 809 863 Rhescuporis
831 781 995 864 arguebat,
1026 782 1115 846 Pom·

70 881 203 966 ponium
225 881 385 964 Flaccum,
416 889 557 948 veterem
588 883 755 966 stipendiis
782 891 814 948 et
840 891 909 948 arta
939 905 1011 950 cum
1040 906 1116 970 rege

71 985 213 1050 amicitia
243 1006 344 1069 eoque
373 986 691 1053 accommodatiorem
721 987 763 1053 ad
792 989 977 1071 fallendum,
1011 991 1052 1056 ob
1083 990 1116 1055 id

70 1089 212 1155 maxime
234 1090 374 1155 Moesiae
396 1090 560 1175 praefecit.

160 1194 212 1258 67.
235 1194 369 1259 Flaccus
392 1194 426 1258 in
445 1193 633 1260 Thraeciam
656 1201 871 1279 transgressus
893 1217 951 1280 per
972 1198 1116 1282 ingentia
1187 1192 1241 1238 uta

71 1297 228 1382 promissa
251 1298 397 1380 quamvis
420 1299 605 1382 ambiguum
629 1305 661 1363 et
683 1300 803 1364 scelera
829 1320 887 1365 sua
913 1308 1115 1385 reputantem
1142 1264 1279 1385 ,iiim

70 1401 209 1486 perpulit
230 1409 266 1467 ut
287 1402 449 1487 praesidia
472 1404 617 1468 Romana
639 1403 780 1469 intraret.
820 1403 1014 1470 circumdata
1039 1404 1115 1471 hinc
1153 1400 1271 1516 l‘bffl‘ffiss}

71 1505 141 1590 regi
163 1506 269 1591 specie
292 1505 420 1573 honoris
448 1506 557 1571 valida
583 1527 706 1588 manus,
737 1507 919 1590 tribunique
950 1514 981 1572 et
1011 1515 1115 1573 centu·
1141 1479 1278 1610 campum.

71 1610 178 1675 n'ones
206 1609 374 1691 monendo,
406 1609 581 1691 suadendo,
613 1617 645 1676 et
671 1617 788 1693 quanto
815 1612 940 1696 longius
967 1612 1116 1678 abscede·
1147 1626 1276 1678 cernuas.

72 1715 175 1795 batur,
198 1714 354 1798 apertiore
377 1714 532 1796 custodia,
563 1721 722 1798 postremo
749 1736 885 1798 gnarum
916 1717 1114 1782 necessitatis

72 1816 105 1881 in
128 1818 240 1883 urbem
262 1824 398 1884 traxere.
434 1824 602 1884 accusatus
624 1819 659 1883 in
682 1826 795 1884 senatu
819 1821 859 1885 ab
884 1840 982 1885 uxore
1005 1821 1116 1905 Cotyis

72 1919 249 2003 damnatum
272 1928 308 1987 ut
329 1922 438 2006 procul
459 1943 559 2006 regno
581 1929 750 1988 teneretur.
788 1922 944 1988 Thraecia
966 1924 999 1988 in
1014 1924 1116 1990 Rhoe·

71 2026 228 2090 metalcen
251 2025 361 2107 filium,
386 2046 480 2108 quem
502 2027 644 2111 paternis
667 2026 807 2092 consiliis
826 2026 1030 2093 adversatum
1046 2049 1117 2093 con-

72 2129 187 2209 stabat,
221 2128 318 2211 inque
351 2129 467 2195 liberos
499 2130 610 2212 Cotyis
644 2129 809 2214 dividitu13
844 2131 946 2213 iisque
976 2132 1116 2196 nondum

71 2231 188 2297 adultis
214 2233 423 2298 Trebellenus
454 2233 556 2299 Rufus
585 2240 734 2317 praetura
763 2234 891 2300 functus
922 2234 1024 2317 datur,
1064 2237 1118 2318 qui

71 2355 205 2420 regnum
227 2337 353 2402 interim
375 2331 538 2418 tractaret,
563 2339 709 2422 exemplo
732 2359 793 2420 quo
817 2340 953 2403 maiores
967 2340 1009 2403 M.
1025 2340 1117 2423 Lepi-

72 2439 150 2504 dum
171 2440 345 2506 Ptolemaei
377 2441 486 2506 liberis
516 2448 653 2507 tutorem
683 2442 716 2506 in
739 2444 923 2526 Aegyptum
954 2443 1115 2508 miserant.

72 2543 286 2628 Rhescuporis
298 2544 530 2610 Alexandriam
546 2545 698 2611 devectus
714 2553 810 2627 atque
821 2546 887 2610 illic
898 2546 1007 2629 fugam
1018 2553 1117 2631 temp·

73 2654 146 2714 tans
168 2669 210 2712 an
232 2648 305 2713 ficto
328 2649 460 2714 crimine
484 2650 679 2716 interficitur.

162 2751 213 2816 68.
244 2754 306 2818 Per
334 2753 420 2819 idem
451 2760 577 2838 tempus
600 2755 758 2835 Vonones,
791 2775 884 2836 quem
913 2761 1054 2818 amotum
1084 2755 1117 2819 in
1147 2748 1275 2862 lssffssssl

74 2856 218 2923 Ciliciam
240 2858 425 2939 memoravi,
450 2859 606 2942 corruptis
630 2859 814 2925 custodibus
838 2859 978 2943 effugere
1000 2858 1043 2923 ad
1062 2860 1118 2924 Ar·
1134 2879 1137 2884 ·
1156 2887 1267 2932 osanna.

74 2961 206 3043 menius,
237 2962 312 3027 inde
340 2963 484 3028 Albanos
506 2962 751 3046 Heniochosque
783 2970 815 3027 et
844 2965 1117 3049 consanguineum

74 3065 136 3131 sihi
157 3085 266 3150 regem
289 3066 481 3149 Scytharum
505 3074 636 3132 conatus
659 3074 715 3133 est.
748 3067 854 3151 specie
870 3067 1010 3134 venandi
1026 3071 1116 3135 omis·

74 3171 119 3236 sis
141 3171 308 3236 maritimis
331 3171 408 3236 locis
431 3172 506 3237 avia
528 3173 665 3238 saltuum
692 3172 794 3257 petiit,
825 3193 900 3237 mox
929 3174 1116 3257 pernicitate

74 3274 147 3358 equi
162 3275 204 3340 ad
218 3296 346 3341 amnem
362 3277 536 3358 Pyramum
558 3276 730 3358 contendit,
755 3277 844 3341 cuius
858 3283 973 3360 pontes
988 3279 1116 3344 accolae

74 3386 225 3464 ruperant
246 3380 355 3445 audita
376 3380 462 3464 regis
477 3380 568 3464 fuga3
591 3401 695 3465 neque
710 3380 794 3446 vado
808 3381 967 3464 penetrari
983 3387 1115 3466 poterat.

74 3484 171 3568 igitur
197 3484 229 3548 in
257 3485 326 3568 ripa
352 3484 491 3550 fluminis
513 3485 643 3551 aVibio
665 3487 826 3551 Frontone
848 3484 1010 3569 praefecto
1033 3486 1117 3568 equi-

75 3594 142 3652 tum
168 3588 315 3668 vincitur,
346 3608 420 3652 mox
442 3588 607 3654 Remmius
638 3595 798 3669 evocatus,
829 3589 924 3673 priori
955 3589 1117 3655 custodiae

74 3691 160 3775 regis
192 3691 366 3776 adpositus,
401 3693 494 3775 quasi
524 3713 581 3777 per
611 3693 691 3757 iram
721 3692 827 3778 gladio
858 3713 930 3758 eum
960 3694 1115 3778 transigit.

74 3794 160 3860 unde
190 3795 289 3860 maior
319 3794 398 3861 fides
433 3797 628 3862 conscientia
661 3798 790 3864 sceleris
825 3804 857 3863 et
886 3804 973 3863 metu
1007 3797 1117 3862 indicii

75 3904 207 3963 mortem
222 3899 347 3964 Vononi
368 3900 509 3965 inlatam.
