<?xml version="1.0" encoding="UTF-8"?>
<!DOCTYPE html PUBLIC "-//W3C//DTD XHTML 1.0 Transitional//EN"
    "http://www.w3.org/TR/xhtml1/DTD/xhtml1-transitional.dtd">
<html xmlns="http://www.w3.org/1999/xhtml" xml:lang="en" lang="en">
 <head>
  <title>
</title>
<meta http-equiv="Content-Type" content="text/html;charset=utf-8" />
  <meta name='ocr-system' content='tesseract 3.04.00' />
  <meta name='ocr-capabilities' content='ocr_page ocr_carea ocr_par ocr_line ocrx_word'/>
</head>
<body>
  <div class='ocr_page' id='page_1' title='image "./annalen00tacigoog_0109.png"; bbox 0 0 2760 4214; ppageno 0'>
   <div class='ocr_carea' id='block_1_1' title="bbox 397 177 1139 264">
    <p class='ocr_par' dir='ltr' id='par_1_1' title="bbox 397 177 1139 264">
     <span class='ocr_line' id='line_1_1' title="bbox 397 177 1139 264; baseline -0.009 -7"><span class='ocrx_word' id='word_1_1' title='bbox 397 245 404 257; x_wconf 89' lang='lat'>.</span> <span class='ocrx_word' id='word_1_2' title='bbox 437 213 460 251; x_wconf 81' lang='lat' dir='ltr'>a.</span> <span class='ocrx_word' id='word_1_3' title='bbox 475 197 507 252; x_wconf 84' lang='lat' dir='ltr'>U.</span> <span class='ocrx_word' id='word_1_4' title='bbox 521 212 543 251; x_wconf 72' lang='grc' dir='ltr'>ο.</span> <span class='ocrx_word' id='word_1_5' title='bbox 557 199 616 252; x_wconf 79' lang='lat' dir='ltr'>rra.</span> <span class='ocrx_word' id='word_1_6' title='bbox 643 213 669 264; x_wconf 84' lang='lat' dir='ltr'>p.</span> <span class='ocrx_word' id='word_1_7' title='bbox 683 196 745 251; x_wconf 77' lang='lat' dir='ltr'>cnr.</span> <span class='ocrx_word' id='word_1_8' title='bbox 759 199 801 252; x_wconf 81' lang='lat' dir='ltr'>no.</span> <span class='ocrx_word' id='word_1_9' title='bbox 1100 177 1139 240; x_wconf 80' lang='lat'>87</span> 
     </span>
    </p>
   </div>
   <div class='ocr_carea' id='block_1_2' title="bbox 101 370 1312 3889">
    <p class='ocr_par' dir='ltr' id='par_1_2' title="bbox 102 370 1144 541">
     <span class='ocr_line' id='line_1_2' title="bbox 102 370 1144 456; baseline -0.002 -22"><span class='ocrx_word' id='word_1_10' title='bbox 102 371 258 456; x_wconf 86' lang='lat' dir='ltr'>planetus,</span> <span class='ocrx_word' id='word_1_11' title='bbox 282 371 344 436; x_wconf 92' lang='lat' dir='ltr'>nisi</span> <span class='ocrx_word' id='word_1_12' title='bbox 366 370 451 453; x_wconf 92' lang='lat' dir='ltr'>quod</span> <span class='ocrx_word' id='word_1_13' title='bbox 467 372 650 436; x_wconf 86' lang='lat' dir='ltr'>comitatum</span> <span class='ocrx_word' id='word_1_14' title='bbox 665 370 861 455; x_wconf 81' lang='lat' dir='ltr'>Agrippinae</span> <span class='ocrx_word' id='word_1_15' title='bbox 884 371 979 454; x_wconf 90' lang='lat' dir='ltr'>longo</span> <span class='ocrx_word' id='word_1_16' title='bbox 1001 388 1144 434; x_wconf 92' lang='lat' dir='ltr'>maerore</span> 
     </span>
     <span class='ocr_line' id='line_1_3' title="bbox 103 473 936 541; baseline -0.001 -3"><span class='ocrx_word' id='word_1_17' title='bbox 103 474 224 540; x_wconf 86' lang='lat' dir='ltr'>fessum</span> <span class='ocrx_word' id='word_1_18' title='bbox 247 474 333 540; x_wconf 84' lang='lat' dir='ltr'>obvii</span> <span class='ocrx_word' id='word_1_19' title='bbox 356 482 388 539; x_wconf 92' lang='lat' dir='ltr'>ct</span> <span class='ocrx_word' id='word_1_20' title='bbox 410 481 554 540; x_wconf 78' lang='lat' dir='ltr'>recentes</span> <span class='ocrx_word' id='word_1_21' title='bbox 577 475 610 537; x_wconf 91' lang='lat' dir='ltr'>in</span> <span class='ocrx_word' id='word_1_22' title='bbox 634 473 740 541; x_wconf 91' lang='lat' dir='ltr'>dolore</span> <span class='ocrx_word' id='word_1_23' title='bbox 763 474 936 539; x_wconf 81' lang='lat' dir='ltr'>anteibant.</span> 
     </span>
    </p>

    <p class='ocr_par' dir='ltr' id='par_1_3' title="bbox 101 574 1305 2205">
     <span class='ocr_line' id='line_1_4' title="bbox 193 574 1259 663; baseline -0.002 -22"><span class='ocrx_word' id='word_1_24' title='bbox 193 579 222 642; x_wconf 80' lang='lat'>2.</span> <span class='ocrx_word' id='word_1_25' title='bbox 246 579 376 644; x_wconf 87' lang='lat' dir='ltr'>Miserat</span> <span class='ocrx_word' id='word_1_26' title='bbox 404 577 483 643; x_wconf 89' lang='lat' dir='ltr'>duas</span> <span class='ocrx_word' id='word_1_27' title='bbox 510 578 686 663; x_wconf 87' lang='lat' dir='ltr'>praetorias</span> <span class='ocrx_word' id='word_1_28' title='bbox 710 577 854 644; x_wconf 90' lang='lat' dir='ltr'>cohortes</span> <span class='ocrx_word' id='word_1_29' title='bbox 878 578 1006 657; x_wconf 81' lang='lat' dir='ltr'>caesar,</span> <span class='ocrx_word' id='word_1_30' title='bbox 1036 574 1145 639; x_wconf 91' lang='lat' dir='ltr'>addito</span> <span class='ocrx_word' id='word_1_31' title='bbox 1215 583 1259 628; x_wconf 74' lang='lat' dir='ltr'>se</span> 
     </span>
     <span class='ocr_line' id='line_1_5' title="bbox 103 654 1304 776; baseline -0.004 -30"><span class='ocrx_word' id='word_1_32' title='bbox 103 690 137 746; x_wconf 90' lang='lat' dir='ltr'>ut</span> <span class='ocrx_word' id='word_1_33' title='bbox 168 683 373 766; x_wconf 79' lang='lat' dir='ltr'>magistratus</span> <span class='ocrx_word' id='word_1_34' title='bbox 397 683 563 749; x_wconf 83' lang='lat' dir='ltr'>Calabriae</span> <span class='ocrx_word' id='word_1_35' title='bbox 586 683 744 766; x_wconf 85' lang='lat' dir='ltr'>Apulique</span> <span class='ocrx_word' id='word_1_36' title='bbox 768 688 799 746; x_wconf 92' lang='lat' dir='ltr'>et</span> <span class='ocrx_word' id='word_1_37' title='bbox 821 682 976 765; x_wconf 78' lang='lat' dir='ltr'>Campani</span> <span class='ocrx_word' id='word_1_38' title='bbox 999 699 1146 764; x_wconf 87' lang='lat' dir='ltr'>suprema</span> <span class='ocrx_word' id='word_1_39' title='bbox 1182 654 1304 776; x_wconf 42' lang='lat' dir='ltr'>ww</span> 
     </span>
     <span class='ocr_line' id='line_1_6' title="bbox 106 783 1275 871; baseline -0.005 -20"><span class='ocrx_word' id='word_1_40' title='bbox 106 807 181 871; x_wconf 88' lang='lat' dir='ltr'>erga</span> <span class='ocrx_word' id='word_1_41' title='bbox 203 788 388 852; x_wconf 88' lang='lat' dir='ltr'>memoriam</span> <span class='ocrx_word' id='word_1_42' title='bbox 411 787 467 851; x_wconf 90' lang='lat' dir='ltr'>filii</span> <span class='ocrx_word' id='word_1_43' title='bbox 491 787 540 851; x_wconf 90' lang='lat' dir='ltr'>sui</span> <span class='ocrx_word' id='word_1_44' title='bbox 562 787 672 851; x_wconf 92' lang='lat' dir='ltr'>munia</span> <span class='ocrx_word' id='word_1_45' title='bbox 694 785 909 870; x_wconf 82' lang='lat' dir='ltr'>fungerentur.</span> <span class='ocrx_word' id='word_1_46' title='bbox 941 785 1037 868; x_wconf 92' lang='lat' dir='ltr'>igitur</span> <span class='ocrx_word' id='word_1_47' title='bbox 1051 783 1146 847; x_wconf 91' lang='lat' dir='ltr'>tribu·</span> <span class='ocrx_word' id='word_1_48' title='bbox 1210 794 1275 847; x_wconf 68' lang='lat' dir='ltr'>arcp</span> 
     </span>
     <span class='ocr_line' id='line_1_7' title="bbox 104 863 1305 974; baseline -0.004 -19"><span class='ocrx_word' id='word_1_49' title='bbox 104 912 215 957; x_wconf 92' lang='lat' dir='ltr'>norum</span> <span class='ocrx_word' id='word_1_50' title='bbox 239 893 520 973; x_wconf 83' lang='lat' dir='ltr'>centurionumque</span> <span class='ocrx_word' id='word_1_51' title='bbox 540 891 657 955; x_wconf 90' lang='lat' dir='ltr'>umeris</span> <span class='ocrx_word' id='word_1_52' title='bbox 677 891 799 955; x_wconf 90' lang='lat' dir='ltr'>cineres</span> <span class='ocrx_word' id='word_1_53' title='bbox 814 890 1035 974; x_wconf 73' lang='lat' dir='ltr'>portabantur,</span> <span class='ocrx_word' id='word_1_54' title='bbox 1059 906 1146 971; x_wconf 90' lang='lat' dir='ltr'>prae·</span> <span class='ocrx_word' id='word_1_55' title='bbox 1176 864 1225 916; x_wconf 60' lang='lat'>¹¹³⁶</span> <span class='ocrx_word' id='word_1_56' title='bbox 1239 863 1305 909; x_wconf 58' lang='lat' dir='ltr'>m·</span> 
     </span>
     <span class='ocr_line' id='line_1_8' title="bbox 104 991 1146 1080; baseline -0.005 -21"><span class='ocrx_word' id='word_1_57' title='bbox 104 995 259 1061; x_wconf 84' lang='lat' dir='ltr'>cedebant</span> <span class='ocrx_word' id='word_1_58' title='bbox 274 996 436 1079; x_wconf 90' lang='lat' dir='ltr'>incompta</span> <span class='ocrx_word' id='word_1_59' title='bbox 451 996 552 1080; x_wconf 91' lang='lat' dir='ltr'>signa,</span> <span class='ocrx_word' id='word_1_60' title='bbox 575 995 660 1060; x_wconf 83' lang='lat' dir='ltr'>versi</span> <span class='ocrx_word' id='word_1_61' title='bbox 683 993 801 1078; x_wconf 86' lang='lat' dir='ltr'>fasees;</span> <span class='ocrx_word' id='word_1_62' title='bbox 826 1001 921 1076; x_wconf 89' lang='lat' dir='ltr'>atque</span> <span class='ocrx_word' id='word_1_63' title='bbox 936 994 990 1059; x_wconf 93' lang='lat' dir='ltr'>ubi</span> <span class='ocrx_word' id='word_1_64' title='bbox 1007 991 1146 1058; x_wconf 90' lang='lat' dir='ltr'>colonias</span> 
     </span>
     <span class='ocr_line' id='line_1_9' title="bbox 101 1095 1146 1184; baseline -0.005 -21"><span class='ocrx_word' id='word_1_65' title='bbox 101 1099 406 1184; x_wconf 83' lang='lat' dir='ltr'>transgrederentur,</span> <span class='ocrx_word' id='word_1_66' title='bbox 430 1106 532 1164; x_wconf 88' lang='lat' dir='ltr'>atrata</span> <span class='ocrx_word' id='word_1_67' title='bbox 551 1098 672 1183; x_wconf 88' lang='lat' dir='ltr'>plebes,</span> <span class='ocrx_word' id='word_1_68' title='bbox 696 1099 832 1164; x_wconf 86' lang='lat' dir='ltr'>trabeati</span> <span class='ocrx_word' id='word_1_69' title='bbox 855 1098 978 1180; x_wconf 86' lang='lat' dir='ltr'>equites</span> <span class='ocrx_word' id='word_1_70' title='bbox 1000 1118 1057 1181; x_wconf 92' lang='lat' dir='ltr'>pro</span> <span class='ocrx_word' id='word_1_71' title='bbox 1082 1095 1146 1179; x_wconf 93' lang='lat' dir='ltr'>opi-</span> 
     </span>
     <span class='ocr_line' id='line_1_10' title="bbox 102 1202 1146 1284; baseline -0.005 -15"><span class='ocrx_word' id='word_1_72' title='bbox 102 1205 162 1269; x_wconf 91' lang='lat' dir='ltr'>bus</span> <span class='ocrx_word' id='word_1_73' title='bbox 183 1205 244 1268; x_wconf 92' lang='lat' dir='ltr'>loci</span> <span class='ocrx_word' id='word_1_74' title='bbox 266 1211 390 1270; x_wconf 87' lang='lat' dir='ltr'>vestem</span> <span class='ocrx_word' id='word_1_75' title='bbox 413 1203 526 1269; x_wconf 86' lang='lat' dir='ltr'>odores</span> <span class='ocrx_word' id='word_1_76' title='bbox 545 1204 671 1284; x_wconf 90' lang='lat' dir='ltr'>aliaque</span> <span class='ocrx_word' id='word_1_77' title='bbox 686 1202 833 1268; x_wconf 86' lang='lat' dir='ltr'>funerum</span> <span class='ocrx_word' id='word_1_78' title='bbox 850 1202 1015 1268; x_wconf 87' lang='lat' dir='ltr'>sollemnia</span> <span class='ocrx_word' id='word_1_79' title='bbox 1029 1221 1146 1266; x_wconf 87' lang='lat' dir='ltr'>crema·</span> 
     </span>
     <span class='ocr_line' id='line_1_11' title="bbox 103 1305 1146 1390; baseline -0.006 -16"><span class='ocrx_word' id='word_1_80' title='bbox 103 1310 188 1374; x_wconf 89' lang='lat' dir='ltr'>bant.</span> <span class='ocrx_word' id='word_1_81' title='bbox 228 1309 324 1374; x_wconf 89' lang='lat' dir='ltr'>etiam</span> <span class='ocrx_word' id='word_1_82' title='bbox 348 1329 481 1390; x_wconf 93' lang='lat' dir='ltr'>quorum</span> <span class='ocrx_word' id='word_1_83' title='bbox 505 1306 633 1373; x_wconf 86' lang='lat' dir='ltr'>diversa</span> <span class='ocrx_word' id='word_1_84' title='bbox 655 1306 783 1390; x_wconf 92' lang='lat' dir='ltr'>oppida,</span> <span class='ocrx_word' id='word_1_85' title='bbox 807 1314 914 1371; x_wconf 90' lang='lat' dir='ltr'>tamen</span> <span class='ocrx_word' id='word_1_86' title='bbox 935 1307 1021 1372; x_wconf 87' lang='lat' dir='ltr'>obvii</span> <span class='ocrx_word' id='word_1_87' title='bbox 1037 1312 1068 1370; x_wconf 87' lang='lat' dir='ltr'>et</span> <span class='ocrx_word' id='word_1_88' title='bbox 1083 1305 1146 1370; x_wconf 83' lang='lat' dir='ltr'>vic-</span> 
     </span>
     <span class='ocr_line' id='line_1_12' title="bbox 103 1409 1148 1494; baseline -0.003 -19"><span class='ocrx_word' id='word_1_89' title='bbox 103 1413 197 1477; x_wconf 92' lang='lat' dir='ltr'>timas</span> <span class='ocrx_word' id='word_1_90' title='bbox 220 1418 316 1494; x_wconf 91' lang='lat' dir='ltr'>atque</span> <span class='ocrx_word' id='word_1_91' title='bbox 338 1431 411 1476; x_wconf 89' lang='lat' dir='ltr'>aras</span> <span class='ocrx_word' id='word_1_92' title='bbox 434 1411 483 1476; x_wconf 90' lang='lat' dir='ltr'>dis</span> <span class='ocrx_word' id='word_1_93' title='bbox 498 1411 647 1477; x_wconf 90' lang='lat' dir='ltr'>Manibus</span> <span class='ocrx_word' id='word_1_94' title='bbox 671 1417 846 1476; x_wconf 87' lang='lat' dir='ltr'>statuentes</span> <span class='ocrx_word' id='word_1_95' title='bbox 868 1409 1007 1474; x_wconf 87' lang='lat' dir='ltr'>lacrimis</span> <span class='ocrx_word' id='word_1_96' title='bbox 1030 1415 1062 1475; x_wconf 91' lang='lat' dir='ltr'>et</span> <span class='ocrx_word' id='word_1_97' title='bbox 1077 1428 1148 1473; x_wconf 94' lang='lat' dir='ltr'>con-</span> 
     </span>
     <span class='ocr_line' id='line_1_13' title="bbox 105 1513 1145 1582; baseline -0.006 -1"><span class='ocrx_word' id='word_1_98' title='bbox 105 1517 346 1581; x_wconf 90' lang='lat' dir='ltr'>clamationibus</span> <span class='ocrx_word' id='word_1_99' title='bbox 378 1515 517 1582; x_wconf 90' lang='lat' dir='ltr'>dolorem</span> <span class='ocrx_word' id='word_1_100' title='bbox 548 1516 756 1581; x_wconf 87' lang='lat' dir='ltr'>testabantur.</span> <span class='ocrx_word' id='word_1_101' title='bbox 795 1516 918 1580; x_wconf 85' lang='lat' dir='ltr'>Drusus</span> <span class='ocrx_word' id='word_1_102' title='bbox 940 1513 1145 1577; x_wconf 85' lang='lat' dir='ltr'>Tarracinam</span> 
     </span>
     <span class='ocr_line' id='line_1_14' title="bbox 104 1617 1145 1705; baseline -0.004 -22"><span class='ocrx_word' id='word_1_103' title='bbox 104 1640 289 1705; x_wconf 91' lang='lat' dir='ltr'>progressus</span> <span class='ocrx_word' id='word_1_104' title='bbox 313 1626 361 1685; x_wconf 92' lang='lat' dir='ltr'>est</span> <span class='ocrx_word' id='word_1_105' title='bbox 384 1640 456 1684; x_wconf 90' lang='lat' dir='ltr'>oum</span> <span class='ocrx_word' id='word_1_106' title='bbox 479 1619 612 1686; x_wconf 79' lang='lat' dir='ltr'>Claudio</span> <span class='ocrx_word' id='word_1_107' title='bbox 640 1620 738 1685; x_wconf 88' lang='lat' dir='ltr'>fratre</span> <span class='ocrx_word' id='word_1_108' title='bbox 760 1620 931 1701; x_wconf 91' lang='lat' dir='ltr'>liberisque</span> <span class='ocrx_word' id='word_1_109' title='bbox 955 1617 1145 1696; x_wconf 81' lang='lat' dir='ltr'>Germanici,</span> 
     </span>
     <span class='ocr_line' id='line_1_15' title="bbox 105 1720 1146 1807; baseline -0.004 -19"><span class='ocrx_word' id='word_1_110' title='bbox 105 1725 159 1807; x_wconf 91' lang='lat' dir='ltr'>qui</span> <span class='ocrx_word' id='word_1_111' title='bbox 181 1725 215 1788; x_wconf 96' lang='lat' dir='ltr'>in</span> <span class='ocrx_word' id='word_1_112' title='bbox 237 1725 317 1789; x_wconf 92' lang='lat' dir='ltr'>urbe</span> <span class='ocrx_word' id='word_1_113' title='bbox 339 1723 473 1790; x_wconf 85' lang='lat' dir='ltr'>fuerant.</span> <span class='ocrx_word' id='word_1_114' title='bbox 499 1725 644 1791; x_wconf 90' lang='lat' dir='ltr'>consules</span> <span class='ocrx_word' id='word_1_115' title='bbox 665 1725 706 1789; x_wconf 89' lang='lat' dir='ltr'>M.</span> <span class='ocrx_word' id='word_1_116' title='bbox 720 1725 866 1789; x_wconf 87' lang='lat' dir='ltr'>Valerius</span> <span class='ocrx_word' id='word_1_117' title='bbox 889 1729 920 1788; x_wconf 92' lang='lat' dir='ltr'>et</span> <span class='ocrx_word' id='word_1_118' title='bbox 941 1723 983 1786; x_wconf 91' lang='lat' dir='ltr'>M.</span> <span class='ocrx_word' id='word_1_119' title='bbox 999 1720 1146 1786; x_wconf 82' lang='lat' dir='ltr'>Aurelius</span> 
     </span>
     <span class='ocr_line' id='line_1_16' title="bbox 105 1827 1148 1913; baseline -0.005 -21"><span class='ocrx_word' id='word_1_120' title='bbox 105 1827 182 1913; x_wconf 84' lang='lat' dir='ltr'>(iam</span> <span class='ocrx_word' id='word_1_121' title='bbox 206 1829 290 1892; x_wconf 90' lang='lat' dir='ltr'>enim</span> <span class='ocrx_word' id='word_1_122' title='bbox 312 1830 531 1911; x_wconf 87' lang='lat' dir='ltr'>magistratum</span> <span class='ocrx_word' id='word_1_123' title='bbox 554 1827 757 1913; x_wconf 84' lang='lat' dir='ltr'>occeperant)</span> <span class='ocrx_word' id='word_1_124' title='bbox 781 1835 813 1892; x_wconf 90' lang='lat' dir='ltr'>et</span> <span class='ocrx_word' id='word_1_125' title='bbox 832 1833 961 1892; x_wconf 91' lang='lat' dir='ltr'>senatus</span> <span class='ocrx_word' id='word_1_126' title='bbox 975 1846 1015 1890; x_wconf 90' lang='lat' dir='ltr'>ac</span> <span class='ocrx_word' id='word_1_127' title='bbox 1029 1843 1148 1908; x_wconf 89' lang='lat' dir='ltr'>magna</span> 
     </span>
     <span class='ocr_line' id='line_1_17' title="bbox 105 1930 1146 2017; baseline -0.005 -21"><span class='ocrx_word' id='word_1_128' title='bbox 105 1953 179 2016; x_wconf 91' lang='lat' dir='ltr'>pars</span> <span class='ocrx_word' id='word_1_129' title='bbox 201 1933 308 2016; x_wconf 91' lang='lat' dir='ltr'>populi</span> <span class='ocrx_word' id='word_1_130' title='bbox 324 1933 410 1996; x_wconf 88' lang='lat' dir='ltr'>viam</span> <span class='ocrx_word' id='word_1_131' title='bbox 426 1933 624 2017; x_wconf 87' lang='lat' dir='ltr'>conplevere,</span> <span class='ocrx_word' id='word_1_132' title='bbox 648 1932 772 1997; x_wconf 86' lang='lat' dir='ltr'>disiecti</span> <span class='ocrx_word' id='word_1_133' title='bbox 788 1938 820 1997; x_wconf 86' lang='lat' dir='ltr'>et</span> <span class='ocrx_word' id='word_1_134' title='bbox 835 1938 869 1996; x_wconf 96' lang='lat' dir='ltr'>ut</span> <span class='ocrx_word' id='word_1_135' title='bbox 885 1932 997 2012; x_wconf 93' lang='lat' dir='ltr'>cuique</span> <span class='ocrx_word' id='word_1_136' title='bbox 1012 1930 1146 2007; x_wconf 89' lang='lat' dir='ltr'>libitum,</span> 
     </span>
     <span class='ocr_line' id='line_1_18' title="bbox 104 2033 1148 2121; baseline -0.006 -21"><span class='ocrx_word' id='word_1_137' title='bbox 104 2035 232 2121; x_wconf 80' lang='lat' dir='ltr'>flentes3</span> <span class='ocrx_word' id='word_1_138' title='bbox 264 2037 375 2101; x_wconf 90' lang='lat' dir='ltr'>aberat</span> <span class='ocrx_word' id='word_1_139' title='bbox 398 2036 516 2120; x_wconf 92' lang='lat' dir='ltr'>quippe</span> <span class='ocrx_word' id='word_1_140' title='bbox 538 2035 688 2117; x_wconf 83' lang='lat' dir='ltr'>adulatio,</span> <span class='ocrx_word' id='word_1_141' title='bbox 721 2036 830 2121; x_wconf 87' lang='lat' dir='ltr'>gnaris</span> <span class='ocrx_word' id='word_1_142' title='bbox 857 2035 1004 2101; x_wconf 90' lang='lat' dir='ltr'>omnibus</span> <span class='ocrx_word' id='word_1_143' title='bbox 1030 2033 1148 2097; x_wconf 91' lang='lat' dir='ltr'>laetam</span> 
     </span>
     <span class='ocr_line' id='line_1_19' title="bbox 105 2139 923 2205; baseline -0.001 -1"><span class='ocrx_word' id='word_1_144' title='bbox 105 2140 233 2205; x_wconf 85' lang='lat' dir='ltr'>Tiberio</span> <span class='ocrx_word' id='word_1_145' title='bbox 256 2139 438 2204; x_wconf 80' lang='lat' dir='ltr'>Germanici</span> <span class='ocrx_word' id='word_1_146' title='bbox 460 2146 593 2205; x_wconf 88' lang='lat' dir='ltr'>mortem</span> <span class='ocrx_word' id='word_1_147' title='bbox 615 2141 699 2205; x_wconf 91' lang='lat' dir='ltr'>male</span> <span class='ocrx_word' id='word_1_148' title='bbox 722 2139 923 2205; x_wconf 89' lang='lat' dir='ltr'>dissimulari.</span> 
     </span>
    </p>

    <p class='ocr_par' dir='ltr' id='par_1_4' title="bbox 106 2241 1308 3470">
     <span class='ocr_line' id='line_1_20' title="bbox 193 2241 1299 2328; baseline -0.004 -20"><span class='ocrx_word' id='word_1_149' title='bbox 193 2245 223 2308; x_wconf 85' lang='lat'>3.</span> <span class='ocrx_word' id='word_1_150' title='bbox 247 2244 394 2309; x_wconf 84' lang='lat' dir='ltr'>Tiberius</span> <span class='ocrx_word' id='word_1_151' title='bbox 424 2249 520 2326; x_wconf 89' lang='lat' dir='ltr'>atque</span> <span class='ocrx_word' id='word_1_152' title='bbox 547 2245 693 2328; x_wconf 83' lang='lat' dir='ltr'>Augusta</span> <span class='ocrx_word' id='word_1_153' title='bbox 723 2245 849 2328; x_wconf 92' lang='lat' dir='ltr'>publico</span> <span class='ocrx_word' id='word_1_154' title='bbox 880 2243 1073 2322; x_wconf 88' lang='lat' dir='ltr'>abstinuere,</span> <span class='ocrx_word' id='word_1_155' title='bbox 1103 2241 1148 2305; x_wconf 94' lang='lat' dir='ltr'>in·</span> <span class='ocrx_word' id='word_1_156' title='bbox 1185 2243 1299 2296; x_wconf 65' lang='lat' dir='ltr'>siccetur,</span> 
     </span>
     <span class='ocr_line' id='line_1_21' title="bbox 107 2312 1303 2431; baseline -0.002 -20"><span class='ocrx_word' id='word_1_157' title='bbox 107 2346 205 2413; x_wconf 81' lang='lat' dir='ltr'>serius</span> <span class='ocrx_word' id='word_1_158' title='bbox 228 2349 394 2412; x_wconf 90' lang='lat' dir='ltr'>maiestate</span> <span class='ocrx_word' id='word_1_159' title='bbox 418 2368 476 2413; x_wconf 89' lang='lat' dir='ltr'>sua</span> <span class='ocrx_word' id='word_1_160' title='bbox 498 2349 568 2429; x_wconf 88' lang='lat' dir='ltr'>rati,</span> <span class='ocrx_word' id='word_1_161' title='bbox 592 2348 619 2412; x_wconf 90' lang='lat' dir='ltr'>si</span> <span class='ocrx_word' id='word_1_162' title='bbox 641 2349 748 2431; x_wconf 90' lang='lat' dir='ltr'>palam</span> <span class='ocrx_word' id='word_1_163' title='bbox 767 2349 1025 2428; x_wconf 89' lang='lat' dir='ltr'>lamentarentur,</span> <span class='ocrx_word' id='word_1_164' title='bbox 1048 2367 1090 2410; x_wconf 92' lang='lat' dir='ltr'>an</span> <span class='ocrx_word' id='word_1_165' title='bbox 1106 2365 1148 2410; x_wconf 92' lang='lat' dir='ltr'>ne</span> <span class='ocrx_word' id='word_1_166' title='bbox 1184 2312 1303 2428; x_wconf 41' lang='lat' dir='ltr'>zm?</span> 
     </span>
     <span class='ocr_line' id='line_1_22' title="bbox 107 2451 1308 2536; baseline -0.002 -19"><span class='ocrx_word' id='word_1_167' title='bbox 107 2452 246 2517; x_wconf 92' lang='lat' dir='ltr'>omnium</span> <span class='ocrx_word' id='word_1_168' title='bbox 270 2453 368 2518; x_wconf 91' lang='lat' dir='ltr'>oculis</span> <span class='ocrx_word' id='word_1_169' title='bbox 389 2453 512 2516; x_wconf 81' lang='lat' dir='ltr'>vultum</span> <span class='ocrx_word' id='word_1_170' title='bbox 535 2472 643 2518; x_wconf 88' lang='lat' dir='ltr'>eornm</span> <span class='ocrx_word' id='word_1_171' title='bbox 666 2452 880 2517; x_wconf 90' lang='lat' dir='ltr'>scrutantibus</span> <span class='ocrx_word' id='word_1_172' title='bbox 895 2451 972 2536; x_wconf 84' lang='lat' dir='ltr'>¹falsi</span> <span class='ocrx_word' id='word_1_173' title='bbox 987 2452 1148 2535; x_wconf 87' lang='lat' dir='ltr'>intellege·</span> <span class='ocrx_word' id='word_1_174' title='bbox 1179 2453 1262 2522; x_wconf 64' lang='lat' dir='ltr'>poten</span> <span class='ocrx_word' id='word_1_175' title='bbox 1275 2453 1308 2498; x_wconf 56' lang='grc' dir='ltr'>δὴ</span> 
     </span>
     <span class='ocr_line' id='line_1_23' title="bbox 106 2522 1305 2639; baseline -0.001 -21"><span class='ocrx_word' id='word_1_176' title='bbox 106 2562 224 2620; x_wconf 90' lang='lat' dir='ltr'>rentur.</span> <span class='ocrx_word' id='word_1_177' title='bbox 254 2563 387 2621; x_wconf 87' lang='lat' dir='ltr'>matrem</span> <span class='ocrx_word' id='word_1_178' title='bbox 403 2556 575 2622; x_wconf 91' lang='lat' dir='ltr'>Antoniam</span> <span class='ocrx_word' id='word_1_179' title='bbox 598 2576 662 2621; x_wconf 94' lang='lat' dir='ltr'>non</span> <span class='ocrx_word' id='word_1_180' title='bbox 684 2554 770 2639; x_wconf 90' lang='lat' dir='ltr'>apud</span> <span class='ocrx_word' id='word_1_181' title='bbox 786 2562 930 2621; x_wconf 85' lang='lat' dir='ltr'>auctores</span> <span class='ocrx_word' id='word_1_182' title='bbox 945 2574 1060 2635; x_wconf 90' lang='lat' dir='ltr'>rerum,</span> <span class='ocrx_word' id='word_1_183' title='bbox 1084 2575 1148 2620; x_wconf 93' lang='lat' dir='ltr'>non</span> <span class='ocrx_word' id='word_1_184' title='bbox 1183 2522 1305 2637; x_wconf 48' lang='lat' dir='ltr'>ww</span> 
     </span>
     <span class='ocr_line' id='line_1_24' title="bbox 107 2658 1148 2744; baseline 0 -22"><span class='ocrx_word' id='word_1_185' title='bbox 107 2659 222 2723; x_wconf 88' lang='lat' dir='ltr'>diurna</span> <span class='ocrx_word' id='word_1_186' title='bbox 243 2668 384 2724; x_wconf 91' lang='lat' dir='ltr'>actorum</span> <span class='ocrx_word' id='word_1_187' title='bbox 407 2661 562 2744; x_wconf 90' lang='lat' dir='ltr'>scriptura</span> <span class='ocrx_word' id='word_1_188' title='bbox 583 2661 706 2744; x_wconf 92' lang='lat' dir='ltr'>reperio</span> <span class='ocrx_word' id='word_1_189' title='bbox 729 2660 792 2726; x_wconf 92' lang='lat' dir='ltr'>ullo</span> <span class='ocrx_word' id='word_1_190' title='bbox 808 2660 926 2743; x_wconf 91' lang='lat' dir='ltr'>insigni</span> <span class='ocrx_word' id='word_1_191' title='bbox 942 2659 1046 2724; x_wconf 83' lang='lat' dir='ltr'>officio</span> <span class='ocrx_word' id='word_1_192' title='bbox 1062 2658 1148 2723; x_wconf 86' lang='lat' dir='ltr'>func·</span> 
     </span>
     <span class='ocr_line' id='line_1_25' title="bbox 107 2761 1148 2849; baseline -0.002 -22"><span class='ocrx_word' id='word_1_193' title='bbox 107 2770 183 2845; x_wconf 87' lang='lat' dir='ltr'>tam,</span> <span class='ocrx_word' id='word_1_194' title='bbox 218 2784 290 2828; x_wconf 90' lang='lat' dir='ltr'>cum</span> <span class='ocrx_word' id='word_1_195' title='bbox 320 2783 416 2848; x_wconf 91' lang='lat' dir='ltr'>super</span> <span class='ocrx_word' id='word_1_196' title='bbox 445 2764 655 2849; x_wconf 88' lang='lat' dir='ltr'>Agrippinam</span> <span class='ocrx_word' id='word_1_197' title='bbox 685 2770 716 2829; x_wconf 90' lang='lat' dir='ltr'>et</span> <span class='ocrx_word' id='word_1_198' title='bbox 748 2765 887 2829; x_wconf 89' lang='lat' dir='ltr'>Drusum</span> <span class='ocrx_word' id='word_1_199' title='bbox 917 2769 949 2828; x_wconf 86' lang='lat' dir='ltr'>et</span> <span class='ocrx_word' id='word_1_200' title='bbox 980 2761 1148 2828; x_wconf 81' lang='lat' dir='ltr'>Claudium</span> 
     </span>
     <span class='ocr_line' id='line_1_26' title="bbox 108 2867 1147 2952; baseline -0.003 -20"><span class='ocrx_word' id='word_1_201' title='bbox 108 2868 205 2932; x_wconf 86' lang='lat' dir='ltr'>ceteri</span> <span class='ocrx_word' id='word_1_202' title='bbox 236 2888 360 2950; x_wconf 91' lang='lat' dir='ltr'>quoque</span> <span class='ocrx_word' id='word_1_203' title='bbox 391 2867 620 2952; x_wconf 89' lang='lat' dir='ltr'>consanguinei</span> <span class='ocrx_word' id='word_1_204' title='bbox 654 2867 842 2933; x_wconf 92' lang='lat' dir='ltr'>nominatim</span> <span class='ocrx_word' id='word_1_205' title='bbox 876 2867 1044 2952; x_wconf 92' lang='lat' dir='ltr'>perscripti</span> <span class='ocrx_word' id='word_1_206' title='bbox 1074 2867 1147 2948; x_wconf 92' lang='lat' dir='ltr'>sint,</span> 
     </span>
     <span class='ocr_line' id='line_1_27' title="bbox 108 2970 1149 3056; baseline -0.001 -20"><span class='ocrx_word' id='word_1_207' title='bbox 108 2990 164 3036; x_wconf 91' lang='lat' dir='ltr'>seu</span> <span class='ocrx_word' id='word_1_208' title='bbox 190 2971 373 3036; x_wconf 81' lang='lat' dir='ltr'>valetudine</span> <span class='ocrx_word' id='word_1_209' title='bbox 399 2970 675 3056; x_wconf 87' lang='lat' dir='ltr'>praepediebatur,</span> <span class='ocrx_word' id='word_1_210' title='bbox 710 2991 766 3036; x_wconf 91' lang='lat' dir='ltr'>seu</span> <span class='ocrx_word' id='word_1_211' title='bbox 789 2972 892 3037; x_wconf 86' lang='lat' dir='ltr'>victus</span> <span class='ocrx_word' id='word_1_212' title='bbox 914 2972 1001 3036; x_wconf 89' lang='lat' dir='ltr'>luctu</span> <span class='ocrx_word' id='word_1_213' title='bbox 1023 2971 1149 3035; x_wconf 87' lang='lat' dir='ltr'>animus</span> 
     </span>
     <span class='ocr_line' id='line_1_28' title="bbox 108 3074 1148 3160; baseline 0 -21"><span class='ocrx_word' id='word_1_214' title='bbox 108 3075 359 3159; x_wconf 89' lang='lat' dir='ltr'>magnitudinem</span> <span class='ocrx_word' id='word_1_215' title='bbox 381 3076 457 3139; x_wconf 89' lang='lat' dir='ltr'>mali</span> <span class='ocrx_word' id='word_1_216' title='bbox 479 3075 619 3160; x_wconf 83' lang='lat' dir='ltr'>perferre</span> <span class='ocrx_word' id='word_1_217' title='bbox 641 3077 712 3142; x_wconf 85' lang='lat' dir='ltr'>visu</span> <span class='ocrx_word' id='word_1_218' title='bbox 735 3097 800 3143; x_wconf 92' lang='lat' dir='ltr'>non</span> <span class='ocrx_word' id='word_1_219' title='bbox 822 3076 978 3143; x_wconf 86' lang='lat' dir='ltr'>tolcravit.</span> <span class='ocrx_word' id='word_1_220' title='bbox 1023 3074 1148 3140; x_wconf 81' lang='lat' dir='ltr'>facilius</span> 
     </span>
     <span class='ocr_line' id='line_1_29' title="bbox 108 3177 1148 3264; baseline -0.001 -22"><span class='ocrx_word' id='word_1_221' title='bbox 108 3177 296 3244; x_wconf 89' lang='lat' dir='ltr'>crediderim</span> <span class='ocrx_word' id='word_1_222' title='bbox 311 3179 439 3245; x_wconf 87' lang='lat' dir='ltr'>Tiberio</span> <span class='ocrx_word' id='word_1_223' title='bbox 455 3185 487 3244; x_wconf 86' lang='lat' dir='ltr'>et</span> <span class='ocrx_word' id='word_1_224' title='bbox 502 3181 657 3264; x_wconf 87' lang='lat' dir='ltr'>Augusta,</span> <span class='ocrx_word' id='word_1_225' title='bbox 679 3180 733 3262; x_wconf 92' lang='lat' dir='ltr'>qui</span> <span class='ocrx_word' id='word_1_226' title='bbox 748 3179 842 3246; x_wconf 92' lang='lat' dir='ltr'>domo</span> <span class='ocrx_word' id='word_1_227' title='bbox 858 3200 922 3246; x_wconf 92' lang='lat' dir='ltr'>non</span> <span class='ocrx_word' id='word_1_228' title='bbox 938 3178 1148 3259; x_wconf 84' lang='lat' dir='ltr'>excedebant,</span> 
     </span>
     <span class='ocr_line' id='line_1_30' title="bbox 109 3282 1148 3367; baseline -0.001 -21"><span class='ocrx_word' id='word_1_229' title='bbox 109 3282 290 3364; x_wconf 87' lang='lat' dir='ltr'>cohibitam,</span> <span class='ocrx_word' id='word_1_230' title='bbox 314 3289 348 3347; x_wconf 91' lang='lat' dir='ltr'>ut</span> <span class='ocrx_word' id='word_1_231' title='bbox 371 3303 430 3366; x_wconf 91' lang='lat' dir='ltr'>par</span> <span class='ocrx_word' id='word_1_232' title='bbox 451 3303 575 3350; x_wconf 88' lang='lat' dir='ltr'>maeror</span> <span class='ocrx_word' id='word_1_233' title='bbox 597 3290 629 3348; x_wconf 92' lang='lat' dir='ltr'>et</span> <span class='ocrx_word' id='word_1_234' title='bbox 647 3284 756 3349; x_wconf 87' lang='lat' dir='ltr'>matris</span> <span class='ocrx_word' id='word_1_235' title='bbox 771 3284 919 3367; x_wconf 84' lang='lat' dir='ltr'>exemplo</span> <span class='ocrx_word' id='word_1_236' title='bbox 934 3284 1008 3348; x_wconf 83' lang='lat' dir='ltr'>aria</span> <span class='ocrx_word' id='word_1_237' title='bbox 1023 3300 1148 3364; x_wconf 91' lang='lat' dir='ltr'>quoque</span> 
     </span>
     <span class='ocr_line' id='line_1_31' title="bbox 109 3386 657 3470; baseline 0.004 -20"><span class='ocrx_word' id='word_1_238' title='bbox 109 3393 141 3451; x_wconf 89' lang='lat' dir='ltr'>et</span> <span class='ocrx_word' id='word_1_239' title='bbox 162 3392 294 3470; x_wconf 90' lang='lat' dir='ltr'>patruus</span> <span class='ocrx_word' id='word_1_240' title='bbox 316 3387 442 3451; x_wconf 88' lang='lat' dir='ltr'>attineri</span> <span class='ocrx_word' id='word_1_241' title='bbox 465 3386 657 3453; x_wconf 87' lang='lat' dir='ltr'>viderentur.</span> 
     </span>
    </p>

    <p class='ocr_par' dir='ltr' id='par_1_5' title="bbox 108 3487 1312 3889">
     <span class='ocr_line' id='line_1_32' title="bbox 196 3487 1303 3603; baseline 0.001 -51"><span class='ocrx_word' id='word_1_242' title='bbox 196 3491 226 3553; x_wconf 88' lang='lat'>4.</span> <span class='ocrx_word' id='word_1_243' title='bbox 250 3490 339 3571; x_wconf 90' lang='lat' dir='ltr'>Dies,</span> <span class='ocrx_word' id='word_1_244' title='bbox 363 3510 425 3571; x_wconf 93' lang='lat' dir='ltr'>quo</span> <span class='ocrx_word' id='word_1_245' title='bbox 448 3491 601 3572; x_wconf 87' lang='lat' dir='ltr'>reliquiae</span> <span class='ocrx_word' id='word_1_246' title='bbox 623 3492 743 3559; x_wconf 91' lang='lat' dir='ltr'>tumulo</span> <span class='ocrx_word' id='word_1_247' title='bbox 762 3492 897 3576; x_wconf 87' lang='lat' dir='ltr'>Augusti</span> <span class='ocrx_word' id='word_1_248' title='bbox 919 3490 1148 3572; x_wconf 86' lang='lat' dir='ltr'>inferebantur,</span> <span class='ocrx_word' id='word_1_249' title='bbox 1182 3487 1303 3603; x_wconf 51' lang='lat' dir='ltr'>”wll</span> 
     </span>
     <span class='ocr_line' id='line_1_33' title="bbox 108 3592 1291 3681; baseline 0 -24"><span class='ocrx_word' id='word_1_250' title='bbox 108 3592 202 3659; x_wconf 94' lang='lat' dir='ltr'>modo</span> <span class='ocrx_word' id='word_1_251' title='bbox 236 3613 294 3678; x_wconf 89' lang='lat' dir='ltr'>per</span> <span class='ocrx_word' id='word_1_252' title='bbox 327 3593 486 3658; x_wconf 90' lang='lat' dir='ltr'>silentium</span> <span class='ocrx_word' id='word_1_253' title='bbox 520 3602 639 3677; x_wconf 86' lang='lat' dir='ltr'>vastus,</span> <span class='ocrx_word' id='word_1_254' title='bbox 676 3596 771 3662; x_wconf 90' lang='lat' dir='ltr'>modo</span> <span class='ocrx_word' id='word_1_255' title='bbox 804 3596 979 3681; x_wconf 91' lang='lat' dir='ltr'>ploratibus</span> <span class='ocrx_word' id='word_1_256' title='bbox 1008 3594 1147 3677; x_wconf 89' lang='lat' dir='ltr'>inquies;</span> <span class='ocrx_word' id='word_1_257' title='bbox 1199 3633 1291 3672; x_wconf 69' lang='lat' dir='ltr'>cumn</span> 
     </span>
     <span class='ocr_line' id='line_1_34' title="bbox 108 3696 1307 3810; baseline 0.002 -50"><span class='ocrx_word' id='word_1_258' title='bbox 108 3698 204 3781; x_wconf 89' lang='lat' dir='ltr'>plena</span> <span class='ocrx_word' id='word_1_259' title='bbox 219 3697 306 3762; x_wconf 90' lang='lat' dir='ltr'>urbis</span> <span class='ocrx_word' id='word_1_260' title='bbox 319 3697 445 3779; x_wconf 87' lang='lat' dir='ltr'>itinera,</span> <span class='ocrx_word' id='word_1_261' title='bbox 469 3699 671 3765; x_wconf 89' lang='lat' dir='ltr'>conlucentes</span> <span class='ocrx_word' id='word_1_262' title='bbox 686 3719 745 3784; x_wconf 90' lang='lat' dir='ltr'>per</span> <span class='ocrx_word' id='word_1_263' title='bbox 759 3719 905 3785; x_wconf 89' lang='lat' dir='ltr'>campum</span> <span class='ocrx_word' id='word_1_264' title='bbox 920 3699 1031 3764; x_wconf 87' lang='lat' dir='ltr'>ltlartis</span> <span class='ocrx_word' id='word_1_265' title='bbox 1051 3697 1147 3763; x_wconf 85' lang='lat' dir='ltr'>faces.</span> <span class='ocrx_word' id='word_1_266' title='bbox 1177 3696 1307 3810; x_wconf 44' lang='grc' dir='ltr'>’ἕψῃ</span> 
     </span>
     <span class='ocr_line' id='line_1_35' title="bbox 108 3767 1312 3889; baseline 0.002 -25"><span class='ocrx_word' id='word_1_267' title='bbox 108 3801 173 3865; x_wconf 92' lang='lat' dir='ltr'>illic</span> <span class='ocrx_word' id='word_1_268' title='bbox 188 3801 279 3867; x_wconf 91' lang='lat' dir='ltr'>miles</span> <span class='ocrx_word' id='word_1_269' title='bbox 294 3822 365 3865; x_wconf 93' lang='lat' dir='ltr'>cum</span> <span class='ocrx_word' id='word_1_270' title='bbox 380 3802 487 3888; x_wconf 87' lang='lat' dir='ltr'>armis,</span> <span class='ocrx_word' id='word_1_271' title='bbox 504 3803 573 3868; x_wconf 90' lang='lat' dir='ltr'>sine</span> <span class='ocrx_word' id='word_1_272' title='bbox 588 3803 767 3886; x_wconf 89' lang='lat' dir='ltr'>insignibus</span> <span class='ocrx_word' id='word_1_273' title='bbox 782 3804 997 3888; x_wconf 87' lang='lat' dir='ltr'>magistratus,</span> <span class='ocrx_word' id='word_1_274' title='bbox 1014 3803 1150 3889; x_wconf 91' lang='lat' dir='ltr'>populus</span> <span class='ocrx_word' id='word_1_275' title='bbox 1176 3768 1213 3812; x_wconf 56' lang='grc' dir='ltr'><em>Μ</em></span> <span class='ocrx_word' id='word_1_276' title='bbox 1248 3767 1290 3812; x_wconf 48' lang='grc' dir='ltr'>ω</span> <span class='ocrx_word' id='word_1_277' title='bbox 1305 3795 1312 3820; x_wconf 82' lang='grc'>’</span> 
     </span>
    </p>
   </div>
   <div class='ocr_carea' id='block_1_3' title="bbox 108 3904 1171 3993">
    <p class='ocr_par' dir='ltr' id='par_1_6' title="bbox 108 3904 1171 3993">
     <span class='ocr_line' id='line_1_36' title="bbox 108 3904 1171 3993; baseline -0.004 -24"><span class='ocrx_word' id='word_1_278' title='bbox 108 3924 166 3989; x_wconf 91' lang='lat' dir='ltr'>per</span> <span class='ocrx_word' id='word_1_279' title='bbox 188 3904 289 3969; x_wconf 89' lang='lat' dir='ltr'>tribus</span> <span class='ocrx_word' id='word_1_280' title='bbox 312 3904 488 3972; x_wconf 88' lang='lat' dir='ltr'>concidisse</span> <span class='ocrx_word' id='word_1_281' title='bbox 509 3927 577 3971; x_wconf 91' lang='lat' dir='ltr'>rem</span> <span class='ocrx_word' id='word_1_282' title='bbox 598 3907 775 3993; x_wconf 88' lang='lat' dir='ltr'>publicam,</span> <span class='ocrx_word' id='word_1_283' title='bbox 802 3907 891 3973; x_wconf 85' lang='lat' dir='ltr'>nibil</span> <span class='ocrx_word' id='word_1_284' title='bbox 908 3907 986 3992; x_wconf 65' lang='lat' dir='ltr'>spei</span> <span class='ocrx_word' id='word_1_285' title='bbox 999 3906 1171 3986; x_wconf 65' lang='lat' dir='ltr'>reliquum</span> 
     </span>
    </p>
   </div>
   <div class='ocr_carea' id='block_1_4' title="bbox 0 0 1393 4214">
    <p class='ocr_par' dir='ltr' id='par_1_7' title="bbox 0 0 1393 4214">
     <span class='ocr_line' id='line_1_37' title="bbox 0 0 1393 4214; baseline 0 0"><span class='ocrx_word' id='word_1_286' title='bbox 0 0 1393 4214; x_wconf 95' lang='lat' dir='ltr'> </span> 
     </span>
    </p>
   </div>
  </div>
 </body>
</html>
