2760 4214
420 179 444 218 a.
458 164 491 220 U.
506 180 528 219 c.
542 167 601 220 774.
628 180 654 232 p.
668 163 731 218 Chr.
744 167 786 220 21.
1059 148 1121 212 109

81 358 136 402 cur
158 359 222 403 non
245 337 324 421 ipse,
356 358 420 402 non
443 338 566 403 Drusus
589 337 722 421 profecti
745 337 788 401 ad
810 337 844 401 id
866 337 983 402 bellum
1005 337 1120 418 forent,

79 441 235 522 adiunxit,
259 440 514 525 magnitudinem
528 441 653 525 imperii
669 442 835 523 extollens,
852 460 956 523 neque
972 440 1121 506 decorum

80 546 285 630 principibus,
303 546 330 610 si
345 566 409 609 una
424 546 566 610 alterave
582 547 694 611 civitas
710 545 816 610 turbet
831 565 994 610 occurrere
1006 545 1122 610 omissa

79 650 168 731 urbe,
191 648 277 714 unde
301 650 333 713 in
357 650 465 715 omnia
487 651 639 733 regimen.
664 670 758 731 nunc,
782 650 944 731 quianon
966 655 1052 713 metu
1068 647 1121 713 du-

81 760 178 835 catur,
212 754 341 834 iturum,
375 736 410 818 ut
444 754 628 838 praesentia
657 760 814 839 spectaret
845 758 1120 838 componeretque.

80 856 250 922 decrevere
269 862 378 942 patres
393 863 469 921 vota
485 878 541 941 pro
557 857 660 921 reditu
677 858 744 922 eius
765 857 1074 941 supplicationesque
1090 862 1122 920 et

80 961 144 1025 alia
166 959 290 1042 decora,
321 962 408 1026 solus
435 960 602 1025 Dolabella
625 961 799 1041 Cornelius,
831 959 907 1025 dum
929 960 1050 1024 anteire
1074 979 1121 1024 ce-

80 1069 164 1130 teros
186 1071 287 1148 parat,
309 1062 481 1129 absurdam
500 1064 533 1128 in
549 1064 763 1129 adulationem
780 1083 975 1148 progressus,
1000 1064 1122 1127 censuit

80 1175 115 1232 ut
145 1188 244 1232 ovans
274 1189 291 1233 e
324 1168 500 1253 Campania
528 1168 640 1234 urbem
670 1168 822 1234 introiret.
867 1168 964 1251 igitur
994 1175 1122 1232 secutae

81 1270 227 1337 Caesaris
249 1271 382 1352 litterae,
405 1272 520 1353 quibus
544 1292 578 1336 se
600 1293 664 1337 non
687 1278 752 1336 tam
769 1291 904 1336 vacuum
920 1271 1021 1354 gloria
1035 1290 1122 1355 prae·

80 1373 217 1456 dicabat,
248 1381 283 1440 ut
305 1381 378 1458 post
400 1376 612 1441 ferocissimas
638 1382 751 1460 gentes
773 1374 975 1460 perdomitas,
1008 1380 1054 1439 tot
1076 1394 1120 1439 re·

81 1486 189 1563 ceptos
201 1479 234 1543 in
246 1479 378 1544 inventa
388 1486 444 1544 aut
457 1487 579 1564 spretos
594 1479 780 1563 triumphos,
792 1480 856 1543 iam
868 1479 973 1544 senior
985 1479 1121 1562 peregri-

80 1582 219 1648 nationis
239 1583 440 1648 suburbanae
464 1584 559 1648 inane
582 1584 758 1667 praemium
781 1589 910 1667 peteret.

167 1685 219 1750 48.
243 1687 309 1752 Sub
332 1685 418 1751 idem
440 1693 575 1771 tempus,
603 1692 638 1752 ut
660 1707 744 1752 mors
767 1687 898 1771 Sulpicii
921 1685 1044 1762 Quirini
1066 1706 1121 1769 pu·
1191 1691 1239 1768 5⁰?

80 1790 171 1855 blicis
194 1791 355 1872 exsequiis
378 1791 639 1874 frequentaretur,
663 1792 776 1878 petivit
795 1811 815 1854 a
835 1797 956 1856 senatu.
985 1789 1064 1854 nihil
1079 1788 1121 1853 ad
1138 1759 1295 1880 ¹¹22„{³„⁸;¹,¹,¹{J¹'

81 1900 222 1960 veterem
244 1901 276 1960 et
298 1894 464 1979 patriciam
481 1892 690 1979 Sulpiciorum
706 1895 860 1959 familiam
876 1894 1038 1971 Quirinius
1053 1915 1120 1978 per·
1191 1898 1234 1974 ,Μ

80 1997 185 2078 tinuit,
216 2004 302 2063 ortus
332 1997 418 2082 apud
447 1999 654 2082 municipium
676 1999 869 2064 Lanuvium:
902 1998 959 2062 sed
986 1998 1120 2082 impiger
1151 1965 1281 2011 numm

80 2102 211 2167 militiae
223 2108 255 2167 et
267 2102 392 2167 acribus
404 2102 588 2168 ministeriis
600 2104 796 2168 consulatum
809 2102 867 2167 sub
880 2101 953 2167 divo
965 2103 1119 2184 Augusto,

81 2226 157 2270 mox
187 2207 378 2290 expugnatis
408 2227 465 2290 per
493 2206 636 2272 Ciliciam
658 2206 951 2272 Homonadensium
984 2206 1120 2271 castellis

81 2309 221 2392 insignia
243 2309 394 2393 triumphi
416 2309 562 2394 adeptus,
586 2308 742 2393 datusque
765 2316 867 2375 rector
889 2310 969 2374 Caio
991 2309 1121 2375 Caesari

81 2414 266 2477 Armeniam
298 2414 455 2478 obtinenti
485 2413 646 2479 Tiberium
682 2434 806 2497 quoque
836 2412 941 2478 Rhodi
971 2418 1120 2496 agentem

83 2517 230 2581 coluerat.
270 2516 353 2599 quod
376 2525 452 2582 tunc
473 2518 626 2602 patefecit
647 2518 680 2581 in
704 2523 826 2601 senatu,
857 2515 993 2581 laudatis
1022 2518 1055 2580 in
1086 2535 1120 2580 se

83 2620 195 2686 officiis
212 2627 244 2686 et
257 2621 402 2686 incusato
417 2621 458 2685 Μ.
475 2621 587 2702 Lollio,
611 2641 704 2704 quem
720 2627 879 2686 auctorem
895 2619 975 2685 Caio
991 2619 1121 2685 Caesari

83 2724 249 2808 pravitatis
260 2730 292 2788 et
303 2722 534 2789 discordiarum
545 2725 708 2808 arguebat.
735 2723 792 2788 sed
808 2722 920 2788 ceteris
936 2720 1022 2787 baud
1036 2722 1121 2785 laeta

82 2827 234 2892 memoria
257 2826 379 2903 Quirini
403 2834 470 2893 erat
493 2829 532 2893 ob
556 2827 689 2908 intenta,
713 2833 748 2891 ut
769 2826 953 2907 memoravi,
980 2822 1121 2909 Lepidae

83 2930 222 3014 pericula
245 2928 469 3013 sordidamque
493 2937 524 2996 et
547 2937 785 3015 praepotentem
809 2936 979 2996 senectam.

169 3033 221 3097 49.
245 3034 326 3098 Fine
341 3035 417 3098 anni
434 3034 606 3100 Clutorium
621 3034 764 3099 Priscum
779 3035 917 3116 equitem
933 3035 1121 3113 Romanum,
1189 3031 1243 3145 fg

83 3145 155 3222 post
177 3139 301 3203 celebre
321 3159 457 3220 carmen,
481 3160 542 3221 quo
565 3139 745 3204 Germanici
770 3159 919 3223 suprema
941 3137 1121 3218 defleverat,
1162 3109 1273 3213 ”ritem

83 3244 219 3326 pecunia
241 3241 394 3308 donatum
417 3263 437 3306 a
460 3243 606 3324 Caesare,
631 3242 781 3327 corripuit
804 3241 936 3322 delator,
960 3241 1122 3306 obiectans
1160 3238 1277 3351 Clusi?

83 3366 178 3430 aegro
202 3347 305 3411 Druso
328 3345 540 3431 composuisse
556 3345 649 3430 quod,
674 3346 701 3410 si
716 3346 876 3411 extinctus
890 3344 981 3424 foret,
1005 3343 1124 3409 maiore
1154 3317 1201 3362 m
1215 3309 1249 3352 ᾖ
1264 3317 1282 3353 ‘⁸

83 3450 223 3534 praemio
254 3451 446 3534 vulgaretur.
479 3450 511 3514 id
543 3451 701 3516 Clutorius
731 3451 764 3515 in
795 3448 889 3515 domo
913 3449 947 3512 P.
972 3447 1122 3528 Petronii,

84 3573 173 3619 socru
197 3554 265 3619 eius
279 3554 407 3619 Vitellia
435 3574 539 3619 coram
570 3554 740 3636 multisque
770 3552 954 3618 inlustribus
984 3551 1122 3631 feminis,

84 3677 140 3742 per
161 3659 432 3740 vaniloquentiam
454 3659 583 3743 legerat.
615 3664 650 3723 ut
673 3658 793 3723 delator
816 3657 930 3737 extitit,
955 3655 1067 3721 ceteris
1082 3654 1124 3718 ad

84 3760 253 3826 dicendum
285 3763 499 3827 testimonium
533 3762 702 3843 extenitis,
734 3762 801 3827 sola
820 3760 949 3826 Vitellia
978 3759 1058 3822 nihil
1088 3778 1122 3823 se

82 3864 243 3930 audivisse
258 3865 468 3932 adseveravit.
498 3865 555 3931 sed
578 3866 786 3951 arguentibus
808 3864 851 3930 ad
864 3863 1134 3949 perniciemqlns
