2760 4214
502 170 680 226 suares
708 169 867 238 ponere.
1162 152 1205 216 49

132 415 135 420 .
165 346 337 410 adcurrens
367 346 494 429 plenum
526 344 592 409 irae
628 363 779 426 armaque
814 350 846 406 et
880 362 996 423 equum
1022 349 1205 425 poscentem

165 450 300 514 Flavum
322 448 519 513 adtinuisset.
549 448 736 513 cernebatur
759 453 867 511 contra
889 445 1128 510 minitabundus
1151 446 1206 509 Ar·

166 553 281 618 minius
313 552 529 636 proeliumque
563 550 769 633 denuntians3
805 570 878 613 nam
912 550 1062 633 pleraque
1092 549 1206 613 Latino

166 677 311 722 sermone
333 656 563 736 interiaciebat,
594 661 629 719 ut
656 655 709 737 qui
732 654 883 718 Romanis
905 655 939 717 in
962 653 1073 718 castris
1096 653 1207 718 ductor

165 760 365 845 popularium
387 760 562 824 meruisset.

256 866 304 928 11.
328 865 458 929 Postero
489 863 540 928 die
564 864 792 928 Germanorum
821 862 908 928 acies
938 871 1026 928 trans
1046 863 1205 946 Visurgim
1246 848 1358 976 ilhfftlfft

166 968 263 1034 stetit.
302 969 422 1034 Caesar
448 968 509 1032 nisi
536 967 685 1051 pontibus
709 965 939 1050 praesidiisque
962 968 1107 1051 inpositis
1131 967 1206 1032 dare
1255 933 1355 1052 agape

167 1071 201 1135 in
224 1071 394 1136 discrimen
416 1071 558 1154 legiones
580 1069 666 1135 haud
688 1070 923 1154 imperatorium
946 1079 1043 1152 ratus,
1068 1073 1206 1153 equitem
1223 1086 1374 1140 accurrerent

166 1175 249 1240 vado
276 1175 429 1240 tramittit.
468 1174 633 1259 praefuere
656 1175 824 1240 Stertinius
851 1182 883 1239 et
910 1196 927 1239 e
950 1196 1081 1241 numero
1102 1176 1207 1260 primi-

166 1280 312 1364 pilarium
340 1280 503 1361 Aemilius,
535 1279 725 1345 distantibus
754 1280 831 1344 loeis
861 1279 989 1360 invecti,
1020 1286 1055 1343 ut
1084 1279 1207 1345 hostem

167 1383 362 1449 diducerent.
395 1405 457 1467 qua
473 1384 653 1448 celerrimus
669 1384 782 1464 amnis,
807 1382 1018 1449 Chariovalda
1034 1383 1099 1448 dux
1116 1385 1207 1448 Bata·

166 1507 278 1552 vorum
300 1488 411 1571 erupit.
444 1508 516 1552 eum
539 1487 690 1554 Cherusci
713 1487 823 1570 fugam
845 1487 1030 1551 simulantes
1053 1487 1087 1551 in
1109 1488 1207 1572 plani-

165 1591 243 1656 tiem
266 1591 398 1656 saltibus
425 1590 658 1655 circumiectam
681 1597 821 1655 traxere:
845 1590 920 1655 dein
947 1591 1044 1655 coorti
1068 1596 1100 1655 et
1119 1591 1207 1656 undi-

167 1716 229 1778 que
253 1696 344 1761 effusi
367 1694 497 1759 trudunt
519 1694 683 1776 adversos,
706 1696 827 1760 instant
846 1694 1032 1760 cedentibus
1049 1696 1208 1761 collectos-

167 1819 228 1882 que
250 1799 284 1863 in
307 1800 415 1864 orbem
437 1819 511 1883 pars
532 1799 702 1882 congressi,
727 1798 855 1880 quidam
871 1799 994 1864 eminus
1009 1801 1205 1883 proturbant.

168 1901 379 1967 Chariovalda
395 1901 448 1967 diu
464 1909 639 1967 sustentata
654 1901 792 1966 hostium
809 1903 952 1983 saevitia,
974 1902 1117 1968 hortatus
1134 1924 1207 1969 suos

166 2012 202 2071 ut
231 2005 413 2090 ingruentes
444 2013 589 2070 catervas
618 2007 712 2089 globo
741 2005 984 2090 perfringerent,
1015 2014 1110 2090 atque
1137 2008 1206 2092 ipsc

168 2110 372 2176 densissimos
401 2111 595 2194 inrumpens,
627 2110 785 2193 congestis
816 2111 887 2175 telis
915 2117 947 2175 et
970 2111 1102 2176 suffosso
1126 2132 1207 2194 equo

166 2213 292 2294 labitur,
325 2234 364 2278 ac
397 2214 487 2277 multi
520 2213 672 2277 nobilium
706 2213 803 2277 circa:
855 2214 1027 2279 ceterosvis
1061 2235 1119 2279 sua
1152 2222 1207 2280 aut

168 2318 290 2399 equites
320 2338 392 2382 eum
418 2317 568 2383 Stertinio
595 2317 792 2400 Aemilioque
820 2317 1045 2382 subvenientes
1068 2318 1207 2402 periculo

166 2440 323 2486 exemere.

256 2524 304 2588 12.
333 2526 452 2591 Caesar
482 2531 697 2608 transgressus
713 2525 873 2608 Visurgim
902 2524 1019 2589 indicio
1051 2524 1204 2608 perfugae
1228 2520 1375 2635 Q‘ffiffiim'

167 2629 329 2711 cognoscit
344 2628 502 2693 delectum
517 2629 558 2693 ab
574 2629 716 2694 Arminio
735 2629 838 2693 locum
854 2648 994 2712 pugnae,
1018 2630 1204 2695 convenisse
1223 2589 1297 2714 “hisp
1311 2593 1373 2706 ᾖεῖη

167 2738 199 2797 et
228 2731 307 2797 alias
338 2733 483 2797 nationes
512 2733 545 2796 in
576 2734 689 2797 silvam
713 2732 841 2797 Herculi
865 2752 987 2796 sacram
1009 2752 1204 2815 ausurosque
1254 2732 1348 2784 &llll

166 2843 352 2900 nocturnam
374 2844 546 2901 castrorum
570 2838 845 2921 oppugnationem.
873 2836 984 2901 habita
1005 2836 1103 2902 indici
1124 2837 1205 2903 tides
1242 2802 1362 2854 mmmm

166 2946 199 3004 et
226 2942 434 3005 cernebantur
463 2941 564 3025 ignes,
595 2942 818 3024 suggressique
840 2942 969 3025 propius
992 2942 1205 3025 speculatores

165 3042 269 3107 audiri
298 3044 457 3109 fremitum
487 3065 638 3127 equorum
672 3045 870 3127 inmensique
905 3052 937 3109 et
970 3045 1123 3111 inconditi
1154 3067 1205 3130 ag-

165 3146 260 3211 minis
290 3168 429 3211 murmur
458 3148 602 3213 attulere.
648 3148 744 3230 igitur
778 3148 953 3231 propinquo
985 3169 1128 3214 summae
1160 3151 1206 3214 rei

165 3249 346 3316 discrimine
380 3250 591 3335 explorandos
621 3252 755 3316 militum
785 3251 907 3315 animos
936 3258 1032 3332 ratus,
1068 3273 1205 3334 quonam

164 3353 197 3417 id
221 3353 313 3419 modo
335 3356 548 3439 inconuptum
572 3354 662 3436 foret,
686 3375 794 3420 secum
817 3354 968 3438 agitabat.
1009 3355 1150 3420 tribunos
1173 3366 1205 3422 et
1240 3357 1243 3364 '

165 3458 365 3523 centuriones
384 3459 469 3522 laeta
483 3458 611 3542 saepius
634 3479 728 3541 quam
752 3463 913 3541 comperta
935 3457 1091 3539 nuntiare,
1115 3459 1205 3524 liber-

164 3568 267 3627 torum
302 3561 428 3626 servilia
461 3562 600 3645 ingenia,
638 3562 749 3626 amicis
779 3562 883 3625 inesse
910 3560 1138 3647 adulationem3
1177 3563 1204 3628 si

165 3665 269 3730 contio
292 3672 430 3746 vocetur,
454 3665 517 3728 illic
540 3685 663 3748 quoque
686 3685 767 3747 quae
790 3664 883 3747 pauci
898 3664 1053 3747 incipiant
1067 3666 1205 3749 reliquos

164 3769 356 3853 adstrepere.
402 3769 528 3853 penitus
558 3768 736 3834 noscendas
765 3775 898 3849 menteS,
929 3789 1000 3832 cum
1031 3770 1142 3834 secreti
1172 3778 1206 3835 et

163 3872 346 3938 incustoditi
361 3873 444 3937 inter
458 3872 602 3937 militaris
617 3873 705 3939 cibos
717 3892 809 3960 spem
819 3878 877 3939 aut
885 3877 1014 3939 metum
1023 3872 1228 3958 proierrent.

214 3983 307 4029 aurulae
318 3983 354 4026 bet
363 3982 455 4027 suctum.
469 3984 487 4028 1.
510 3983 547 4038 (th.
561 3985 647 4044 &reptoq
661 3987 683 4033 in
699 3987 795 4046 cerpus.)
1116 3979 1136 4025 A
