2760 4214
229 166 290 230 142
462 181 512 236 Ab
531 195 647 234 excessu
665 180 698 234 D.
712 180 838 248 Augusti
857 179 897 233 IV
915 181 1027 236 35-38.

227 375 356 441 campos
379 356 595 421 obtinentibus
618 354 692 419 belli
715 354 818 418 civilis
841 373 936 419 causa
958 354 1109 438 populum
1123 372 1180 437 per
1195 372 1265 417 eon·

227 459 329 525 tiones
362 458 521 524 incendo?
554 479 597 523 an
629 458 675 522 illi
708 457 836 540 quidem
870 457 1161 541 septuagensimum
1191 463 1265 520 ante

226 583 345 627 annum
375 563 543 647 perempti,
574 582 635 644 quo
662 561 755 626 modo
781 561 974 645 imaginibus
996 561 1061 626 suis
1083 566 1265 640 noscuntur,

228 687 307 750 quas
336 686 378 731 ne
408 667 509 732 victor
539 665 666 748 quidem
697 666 845 746 abolevit,
877 665 923 730 sic
949 672 1072 749 partem
1094 664 1266 729 memoriae

227 770 311 855 apud
340 771 508 855 scriptores
534 769 693 835 retinent?
728 790 819 835 suum
843 769 956 851 cuique
979 768 1076 833 decus
1098 767 1267 852 posteritas
1361 781 1363 784 ’

227 873 389 959 rependit3
413 894 473 938 nec
488 873 631 955 deerunt,
655 874 682 939 si
698 872 861 938 damnatio
877 873 1005 956 ingruit,
1023 873 1076 954 qui
1092 893 1156 937 non
1172 870 1266 937 modo

229 978 331 1044 Cassii
354 985 386 1042 et
407 978 506 1059 Bruti,
531 983 579 1042 set
594 978 689 1043 etiam
705 964 768 1042 mei
783 973 1005 1042 meminerint.>
1028 996 1175 1060 egressus
1190 975 1266 1040 dein

229 1088 341 1146 senatu
364 1082 463 1146 vitam
486 1082 681 1148 abstinentia
703 1081 815 1146 finivit.
861 1082 958 1146 libros
980 1101 1038 1165 per
1060 1079 1180 1145 aediles
1204 1099 1266 1144 cre-

228 1184 362 1251 mandos
377 1205 528 1250 censuere
544 1193 663 1270 patres;
687 1192 736 1250 set
751 1191 944 1265 manserunt,
968 1184 1115 1249 occultati
1131 1189 1163 1247 et
1178 1181 1264 1247 editi.

229 1309 291 1371 quo
313 1289 416 1372 magis
439 1289 615 1354 socordiam
638 1309 745 1353 eorum
768 1288 904 1353 inridere
926 1287 1013 1368 libet,
1037 1288 1091 1369 qui
1106 1287 1266 1371 praesenti

229 1393 372 1477 potentia
405 1392 537 1458 credunt
571 1393 716 1475 extingui
748 1411 841 1476 posse
876 1392 972 1456 etiam
1003 1391 1164 1473 sequentis
1193 1390 1267 1455 aevi

228 1497 421 1562 memoriam.
450 1517 524 1561 nam
541 1504 651 1563 contra
665 1496 784 1580 punitis
799 1496 937 1580 ingeniis
958 1495 1064 1579 gliscit
1086 1495 1266 1578 auctoritas,

228 1620 333 1682 neque
362 1599 449 1665 aliud
480 1601 603 1666 externi
634 1620 726 1683 reges
756 1607 811 1665 aut
840 1601 894 1682 qui
925 1598 1036 1663 eadem
1061 1599 1195 1664 saevitia
1218 1599 1268 1663 usi

198 1763 202 1772 s
229 1710 311 1786 sunt,
335 1705 397 1769 nisi
419 1703 558 1769 dedecus
581 1704 641 1769 sibi
664 1712 760 1786 atque
783 1704 845 1769 illis
868 1703 1001 1787 gloriam
1024 1722 1185 1786 peperere.

69 1819 202 1872 cursant
316 1806 367 1872 36.
393 1808 540 1873 Ceterum
570 1807 767 1892 postulandis
797 1808 860 1872 reis
886 1813 952 1871 tam
975 1807 1142 1872 continuus
1164 1825 1268 1871 annus

74 1887 192 1940 mm·
228 1911 297 1992 suit,
335 1917 369 1975 ut
403 1911 553 1976 feriarum
586 1912 770 1976 Latinarum
805 1911 918 1976 diebus
951 1910 1146 1999 praefectum
1180 1910 1268 1975 urbis

228 2016 376 2095 Drusum,
411 2015 598 2100 auspicandi
630 2016 733 2100 gratia
762 2016 900 2081 tribunal
933 2015 1120 2097 ingressum,
1154 2012 1269 2077 adierit

230 2117 427 2202 calpurnius
449 2119 618 2184 Salvianus
647 2120 681 2184 in
708 2120 841 2185 Sextum
864 2119 1012 2182 Marium:
1044 2117 1170 2199 quoda
1192 2117 1269 2182 an-

229 2240 299 2286 sare
322 2222 428 2305 palam
450 2222 638 2307 increpitum
662 2243 758 2288 causa
774 2223 861 2287 exilii
878 2222 1027 2288 Salviano
1049 2221 1119 2285 fuit.
1143 2221 1269 2286 obiecta

228 2324 354 2408 publice
385 2325 551 2408 Cyzicenis
584 2327 705 2391 incuria
735 2326 995 2391 caerimoniarum
1026 2323 1093 2388 divi
1122 2325 1267 2407 Augusti,

228 2427 346 2493 additis
374 2429 546 2496 violentiae
573 2430 757 2495 criminibus
786 2428 956 2494 adversum
986 2429 1073 2493 cives
1099 2431 1266 2493 Romanos

229 2536 261 2596 et
282 2532 416 2597 amisere
438 2533 627 2614 libertatem,
651 2553 746 2615 quam
766 2533 848 2598 bello
864 2531 1056 2596 Mithridatis
1077 2537 1268 2612 meruerant,

229 2635 426 2702 circumsessi
456 2657 516 2701 nec
546 2637 651 2701 minus
680 2657 739 2701 sua
771 2637 950 2703 constantia
979 2655 1075 2717 quam
1109 2633 1268 2720 praesidio

227 2738 351 2803 Luculli
372 2739 463 2823 pulso
485 2759 570 2823 rege.
608 2746 641 2803 at
663 2740 815 2804 Fonteius
838 2739 959 2822 Capito,
982 2739 1037 2821 qui
1059 2759 1116 2823 pro
1139 2738 1268 2804 consule

229 2842 340 2907 Asiam
369 2850 543 2924 curaverat,
573 2844 757 2925 absolvitur,
788 2842 1038 2928 conperto‘ficta
1060 2843 1094 2907 in
1117 2862 1189 2907 eum
1212 2843 1268 2907 cri-

231 2945 317 3009 mina
350 2966 408 3030 per
434 2946 562 3011 Vibium
596 2947 759 3013 Serenum.
805 2967 909 3029 neque
942 2953 1049 3011 tamen
1082 2946 1116 3010 id
1149 2947 1268 3012 Sereno

231 3069 335 3114 noxae
358 3049 426 3131 fuit,
451 3070 545 3132 quem
561 3050 667 3116 odium
683 3051 845 3135 publicum
860 3050 1006 3115 tutiorem
1022 3050 1170 3114 faciebat.
1193 3069 1269 3113 nam

230 3158 265 3216 ut
299 3153 368 3235 quis
402 3153 580 3220 destnctior
608 3163 782 3235 accusator,
817 3154 904 3219 velut
937 3159 1157 3218 sacrosanctus
1187 3160 1268 3217 erat:

230 3257 328 3337 leves,
351 3257 508 3341 ignobiles
530 3259 642 3342 poenis
664 3257 903 3323 adliciebantur.

82 3365 187 3412 auctius
319 3361 369 3426 37.
394 3364 456 3428 Per
484 3362 570 3427 idem
600 3369 724 3446 tempus
751 3362 907 3446 Hispania
935 3361 1064 3427 ulterior
1093 3361 1198 3425 missis
1227 3358 1271 3424 ad

72 3435 197 3557 ffissssf,
233 3473 377 3531 senatum
404 3467 518 3551 legatis
544 3467 656 3548 oravit,
686 3472 721 3531 ut
743 3466 890 3551 exemplo
913 3466 1009 3530 Asiae
1032 3465 1198 3530 delubrum
1220 3465 1270 3528 Ti-

110 3572 169 3618 esua
233 3569 320 3635 borio
350 3571 506 3653 matrique
536 3571 605 3636 eius
635 3576 821 3635 exstrueret.
853 3589 916 3651 qua
945 3568 1111 3633 occasione
1141 3569 1270 3648 Caesar,

85 3643 189 3763 W?
232 3672 357 3739 validus
386 3674 503 3756 alioqui
533 3672 720 3759 spernendis
755 3673 926 3739 honoribus
956 3680 987 3736 et
1016 3670 1272 3756 respondendum

66 3780 92 3823 ¹¹¹
106 3779 205 3831 sautu
230 3785 319 3842 ratus
352 3779 401 3860 iis,
444 3799 575 3861 quorum
611 3798 735 3843 rumore
771 3778 965 3861 arguebatur
996 3775 1029 3839 in
1067 3775 1273 3840 ambitionem

80 3843 162 3895 ‘m'
215 3882 363 3969 flexisse,
400 3883 537 3953 huiusce
570 3882 659 3951 modi
692 3881 868 3950 orationem
894 3879 1011 3964 coepit:
1044 3872 1131 3960 tscio,
1165 3886 1273 3963 patres
