2760 4214
488 182 512 220 a.
526 166 559 221 o.
572 182 595 221 ο.
610 171 669 224 rra.
694 185 720 237 p.
734 167 796 222 om.
810 171 852 224 ao.
1146 154 1187 218 99

146 339 261 404 animis
283 339 442 424 simplices
466 347 569 425 erant;
593 341 795 423 maximeque
818 341 905 407 fama
928 343 1100 408 celebravit
1116 344 1188 410 Cre·

148 443 294 523 tensium,
325 463 405 525 quas
427 444 540 524 Minos,
571 445 808 528 Spartanorum,
840 466 919 528 quas
941 447 1117 531 Lycurgus,
1149 467 1187 512 ac

147 566 224 611 mox
245 546 493 612 Atheniensibus
521 548 727 629 quaesitiores
754 549 817 613 iam
841 557 872 614 et
895 550 1001 634 plures
1023 551 1096 616 Solo
1119 569 1186 633 per-

146 650 279 733 scripsit.
318 651 410 717 nobis
431 652 592 733 Romulus,
615 659 651 717 ut
672 653 806 735 libitum,
829 654 1079 738 imperitaverat:
1111 652 1186 719 dein

147 753 253 818 Numa
275 754 480 839 religionibus
504 761 536 821 et
558 755 667 821 divino
690 756 758 821 iure
780 757 930 842 populum
952 755 1107 841 devinxit,
1141 778 1186 822 re-

144 865 296 941 pertaque
312 858 469 941 quaedam
483 879 504 922 a
515 860 606 926 Tullo
623 865 654 926 et
666 861 762 925 Anco.
785 859 842 926 sed
857 861 1045 945 praecipuus
1057 861 1186 927 Servius

144 962 265 1026 Tullius
281 969 407 1026 sanctor
417 963 525 1046 legum
540 962 610 1045 fuit,
626 964 697 1046 quis
709 964 805 1028 etiam
816 985 908 1049 reges
920 965 1183 1049 obtemperarent.

231 1066 282 1129 ut.
299 1066 395 1131 Pulso
406 1067 579 1148 Tarquinio
591 1066 760 1133 adversum
776 1075 901 1152 patrum
917 1067 1073 1134 sactiones
1087 1069 1185 1133 multa

147 1171 281 1252 populus
310 1170 436 1254 paravit
465 1170 604 1236 tuendae
631 1171 786 1237 libertatis
808 1178 840 1237 et
861 1171 1037 1237 firmandae
1061 1192 1185 1238 eoncor-

144 1272 226 1354 diae‚
251 1274 410 1356 creatique
433 1273 605 1340 decemviri
628 1281 659 1340 ct
681 1276 791 1341 accitis
807 1295 888 1358 quae
904 1296 1038 1359 usquam
1054 1277 1185 1360 egregia

144 1377 336 1461 compositae
358 1376 525 1443 duodecim
548 1379 684 1459 tabulae,
708 1378 781 1444 finis
804 1379 898 1461 aequi
919 1379 1005 1444 iuris.
1040 1399 1115 1443 nam
1138 1398 1184 1444 se

145 1488 235 1545 outae
254 1481 342 1565 leges
363 1481 423 1546 etsi
437 1480 609 1564 aliquando
625 1483 658 1546 in
674 1482 833 1548 maleficos
849 1503 891 1548 ex
907 1482 1031 1563 delicto,
1056 1483 1183 1567 saepius

143 1590 249 1649 tamen
273 1584 471 1651 dissensione
494 1585 639 1650 ordinum
663 1591 694 1649 et
717 1585 881 1669 apiscendi
896 1585 1032 1650 inlicitos
1047 1586 1183 1652 honores
1268 1617 1269 1621 ¹

142 1694 197 1752 aut
219 1687 357 1772 pellendi
380 1690 480 1753 claros
503 1689 587 1753 viros
609 1689 736 1770 aliaque
760 1690 800 1754 ob
823 1709 923 1773 prava
945 1708 1002 1773 per
1017 1689 1082 1753 vim
1097 1690 1181 1754 latae

143 1800 223 1856 sunt.
262 1791 337 1857 binc
363 1792 500 1857 Gracchi
530 1799 561 1856 et
584 1793 747 1858 Saturnini
776 1793 953 1857 turbatores
979 1792 1091 1876 plebis,
1122 1813 1182 1858 nec

141 1895 243 1959 minor
265 1895 394 1979 largitor
416 1896 545 1961 nomine
568 1902 697 1961 senatus
719 1896 855 1980 Drusus3
888 1895 1025 1980 corrupti
1048 1915 1104 1979 spe
1126 1903 1181 1960 aut

144 1997 238 2062 inlusi
260 2018 318 2082 per
339 1999 600 2065 intercessionem
623 1999 708 2065 socii.
739 2020 778 2064 ao
800 2019 841 2064 ne
864 2000 947 2065 bello
969 1999 1098 2081 quidem
1121 2000 1181 2063 Ita-

144 2100 213 2181 lico,
237 2123 311 2167 mox
334 2102 418 2167 civili
434 2104 594 2184 omissum,
618 2104 694 2185 quin
710 2105 809 2168 multa
825 2110 856 2169 et
871 2103 999 2168 diversa
1013 2104 1180 2169 scisceren-

143 2210 202 2285 tur,
226 2205 327 2271 donec
346 2208 382 2272 L.
400 2207 488 2272 Sulla
510 2205 645 2273 dictator
667 2207 794 2272 abolitis
816 2207 868 2272 vel
891 2207 1051 2272 conversis
1074 2206 1181 2290 priori-

143 2309 211 2391 bus,
236 2330 307 2374 cum
322 2311 413 2395 plura
432 2310 618 2392 addidisset,
641 2311 739 2376 otium
755 2311 824 2376 eius
839 2311 884 2376 rei
899 2309 986 2374 haud
1001 2311 1035 2375 in
1050 2311 1179 2394 longum

141 2414 275 2496 paravit,
299 2415 406 2479 statim
428 2413 564 2480 turbidis
579 2413 692 2499 Lepidi
707 2414 934 2499 rogationibus
958 2434 1061 2496 neque
1081 2414 1179 2479 multo

141 2525 211 2601 post
245 2518 379 2583 tribunis
410 2518 535 2583 reddita
562 2518 692 2583 licentia
723 2537 848 2600 quoquo
878 2517 997 2582 vellent
1029 2517 1179 2600 populum

141 2621 293 2703 agitandi.
324 2623 451 2704 iamque
474 2643 538 2687 non
560 2621 654 2687 modo
668 2622 703 2686 in
718 2640 893 2701 commune,
917 2619 1022 2685 sedin
1038 2619 1179 2703 singulos

140 2723 283 2791 homines
312 2727 397 2791 latae
429 2726 639 2809 quaestiones,
671 2731 702 2790 et
732 2724 971 2808 conuptissima-
996 2722 1179 2807 republica

141 2829 294 2913 plurimae
315 2831 412 2916 leges.

227 2933 278 2998 28.
302 2935 384 2998 Tum
406 2935 463 3000 On.
487 2934 666 3018 Pompeius,
696 2933 823 2998 tertium
850 2932 960 2997 consul
983 2928 1178 3015 corrigendis
1296 3009 1300 3017 Ι
1339 3012 1344 3019 .

141 3037 279 3102 moribus
313 3038 463 3120 delectus,
503 3045 552 3103 set
584 3036 712 3122 gravior
743 3034 902 3116 remediis,
937 3054 1033 3117 quam
1062 3033 1178 3099 delicta

141 3148 240 3222 crant,
264 3161 453 3223 suarumque
475 3142 581 3224 legum
604 3145 714 3205 auctor
735 3138 821 3204 idem
840 3158 878 3202 ae
893 3139 1071 3218 subversor,
1096 3155 1177 3219 quae

143 3246 239 3310 armis
261 3244 418 3325 tuebatur,
441 3244 538 3309 armis
559 3243 674 3308 amisit.
713 3243 790 3308 exin
813 3242 963 3339 continua
985 3261 1042 3324 per
1063 3239 1177 3322 viginti

140 3369 240 3413 annos
263 3347 430 3430 discordia,
461 3369 525 3413 non
548 3367 625 3429 mos,
653 3367 717 3412 non
740 3346 801 3431 ius;
835 3344 1003 3410 deterrima
1033 3362 1177 3424 quaeque

140 3452 258 3537 inpune
280 3473 319 3517 ao
341 3452 441 3516 multa
462 3451 596 3517 honesta
619 3451 716 3517 exitio
732 3449 828 3515 suere.
856 3453 948 3513 sexto
963 3446 1091 3512 demum
1107 3465 1177 3509 oon-

141 3557 243 3621 sulatu
267 3557 386 3622 Caesar
406 3556 579 3639 Augustus,
610 3554 772 3639 potentiae
798 3572 936 3635 securus,
968 3569 1050 3633 quae
1072 3549 1177 3613 trium·

140 3660 244 3724 viratu
266 3661 400 3725 iusserat
421 3659 561 3724 abolevit
583 3657 734 3740 deditque
755 3658 833 3738 iura,
857 3656 927 3738 quis
948 3673 1028 3738 pace
1048 3658 1080 3717 et
1095 3651 1177 3735 prin·

141 3764 210 3847 cipe
240 3770 407 3828 uteremur.
447 3764 568 3828 acriora
590 3782 632 3828 ex
655 3782 693 3826 eo
715 3761 830 3840 vincla,
860 3757 952 3823 inditi
976 3755 1123 3822 custodes
1145 3761 1177 3819 et

141 3867 210 3951 lege
229 3867 330 3951 Papia
345 3867 495 3951 Poppaea
518 3862 666 3950 praemiis
688 3863 825 3946 inducti,
843 3867 896 3944 ut,
912 3862 947 3926 si
963 3881 991 3922 a
1005 3857 1197 4006 sufflatus
