2760 4214
268 172 328 236 148
500 189 549 243 Ab
568 204 682 244 excessu
699 190 732 243 D.
746 189 872 260 Augusti
891 191 932 246 IV
949 194 1062 247 45-49.
1105 224 1107 229 ,

264 369 406 448 repertus
430 385 502 429 cum
526 365 690 429 tormentis
714 364 808 430 edere
835 365 978 430 conscios
1004 364 1195 449 adigeretur,
1226 385 1307 430 voce

265 488 382 552 magna
408 488 552 533 sermone
581 469 682 552 patrio
710 468 826 533 frustra
848 489 883 534 se
906 469 1092 554 interrogari
1115 469 1306 534 clamitavit:

264 571 454 637 adsisterent
477 572 554 638 socii
578 592 616 636 ac
639 578 833 656 spectarent3
864 573 983 636 nullam
1010 573 1075 637 vim
1103 578 1225 637 tantam
1252 572 1306 637 do-

264 676 338 741 loris
360 675 437 757 fore,
468 682 502 740 ut
525 676 689 741 veritatem
713 676 850 741 eliceret.
896 675 1045 758 idemque
1075 696 1146 740 cum
1178 683 1305 760 postero

264 779 307 845 ad
330 779 545 862 quaestionem
566 778 786 860 retraheretur,
811 800 848 845 eo
865 781 935 844 uisu
952 780 1104 864 pron'puit
1120 800 1154 845 se
1171 779 1305 845 custodi-

264 884 324 948 bus
347 903 488 965 saxoque
511 891 606 967 caput
628 882 763 964 adflixit,
787 889 822 947 ut
846 883 954 949 statim
977 883 1221 948 exanimaretur.
1246 883 1305 948 sed

264 988 338 1052 Piso
352 987 621 1052 Termestinorum
637 986 709 1052 dolo
726 1007 837 1051 caesus
853 986 1001 1070 habetur;
1017 987 1135 1071 quippe
1150 987 1305 1071 pecunias

265 1111 284 1155 1
305 1091 431 1175 publico
458 1091 650 1175 interceptas
677 1090 781 1154 acrius
808 1110 905 1172 quam
927 1096 962 1154 ut
984 1091 1154 1156 tolerarent
1175 1090 1304 1156 barbari

266 1195 409 1278 cogebat.

351 1401 403 1465 46.
426 1402 560 1466 Lentulo
577 1401 739 1466 Gaetulico
755 1402 789 1466 Ο.
808 1401 945 1466 Calvisio
969 1400 1151 1466 consulibus
1174 1399 1304 1466 decreta

265 1505 415 1589 triumphi
448 1506 588 1588 insignia
620 1506 769 1589 Poppaeo
800 1505 919 1571 Sabino
954 1505 1093 1570 contusis
1125 1503 1303 1570 Thraecum

265 1609 422 1694 gentibus,
454 1609 507 1691 qui
535 1608 688 1673 montium
717 1608 809 1673 editis
837 1609 905 1673 sine
933 1609 1019 1673 cultu
1045 1614 1140 1690 atque
1163 1628 1201 1673 eo
1224 1606 1304 1673 fero·

266 1714 332 1778 cius
361 1713 535 1796 agitabant.
575 1731 672 1776 causa
703 1718 805 1776 motus
827 1732 921 1796 super
944 1711 1106 1777 hominum
1127 1711 1303 1795 ingenium,

266 1816 350 1899 quod
372 1816 439 1900 pati
461 1814 594 1880 dilectus
617 1821 648 1879 et
670 1814 900 1894 validissimum
924 1834 1080 1897 quemque
1102 1814 1235 1879 militiae
1252 1836 1305 1880 no

266 1926 350 1984 strae
372 1919 448 1984 darc
470 1920 731 2003 aspernabantur,
755 1939 796 1983 ne
818 1919 947 2003 regibus
969 1918 1097 2000 quidem
1112 1938 1224 2000 parere
1241 1918 1323 1993 nisi,

266 2044 306 2088 11
329 2022 461 2088 libidine
483 2023 575 2104 soliti,
599 2029 654 2086 aut
676 2023 702 2087 si
725 2023 885 2088 mitterent
907 2022 1036 2104 auxilia,
1060 2042 1133 2087 suos
1156 2021 1304 2088 ductores

264 2126 436 2210 praeficere
457 2146 518 2190 nec
540 2126 599 2190 nisi
623 2125 792 2191 adversum
808 2127 931 2191 accolas
946 2125 1143 2210 belligerare.
1173 2146 1212 2190 ac
1235 2132 1303 2190 tum

264 2251 369 2295 rumor
390 2230 562 2294 incesserat
584 2229 650 2294 fore
673 2236 708 2294 ut
730 2228 853 2294 disiecti
875 2230 1008 2312 aliisque
1031 2229 1213 2294 nationibus
1236 2250 1306 2314 per·

265 2335 355 2398 mixti
377 2333 520 2398 diversas
543 2334 575 2397 in
599 2340 699 2399 terras
722 2333 927 2399 traherentur.
952 2333 1009 2398 sed
1024 2340 1197 2414 antequam
1212 2354 1304 2398 arma

263 2438 448 2522 inciperent,
477 2437 591 2502 miscrc
621 2438 742 2523 legatos
769 2438 940 2502 amicitiam
963 2437 1215 2520 obsequiumque
1238 2457 1302 2502 me·

263 2548 446 2623 moraturos,
477 2547 509 2606 et
532 2562 682 2607 mansura
703 2540 793 2622 haec,
822 2542 848 2606 si
871 2541 956 2606 nullo
979 2562 1061 2607 novo
1085 2561 1181 2606 onere
1203 2549 1303 2626 temp-

263 2653 416 2731 arentur,
449 2647 498 2711 sin
528 2652 563 2710 ut
593 2646 687 2711 victis
713 2645 877 2711 servitium
904 2645 1105 2726 indiceretur,
1137 2665 1208 2710 esse
1239 2644 1301 2710 sibi

262 2751 378 2815 ferrum
401 2756 434 2815 11
455 2750 653 2813 iuventutem
676 2756 707 2814 et
730 2753 909 2833 promptum
932 2749 1071 2812 libertati
1093 2755 1147 2814 aut
1163 2747 1205 2812 ad
1221 2769 1302 2813 mor-

262 2861 325 2918 tem
354 2854 504 2918 animum.
545 2853 638 2917 simul
665 2853 795 2917 castella
821 2853 951 2935 rupibus
974 2851 1075 2916 indita
1097 2853 1302 2934 conlatosque

261 2958 334 3022 illuc
362 2967 512 3040 parentes
543 2962 575 3020 11
602 2956 753 3040 coniuges
775 2956 978 3022 ostentabant
1000 2956 1180 3037 bellumque
1204 2955 1302 3039 impe-

261 3060 360 3126 ditum
383 3060 515 3125 arduum
540 3067 704 3126 cruentum
727 3061 964 3125 minitabantur.

114 3164 214 3244 sasinus
346 3165 397 3230 41.
421 3165 626 3247 Atestinus,
643 3165 744 3231 donec
760 3165 920 3230 exercitus
936 3165 969 3229 in
985 3186 1081 3229 unum
1098 3164 1301 3248 conduceret,

89 3234 242 3356 ‚pmeffim
260 3269 342 3333 datis
371 3268 500 3334 mitibus
530 3269 700 3352 responsis,
730 3275 898 3353 postquam
925 3269 1118 3352 Pomponius
1144 3269 1253 3333 Labeo
1283 3289 1301 3335 e

93 3370 233 3494 omem
258 3372 378 3438 Moesia
401 3392 471 3437 cum
493 3372 628 3456 legione,
658 3392 716 3437 rex
735 3371 975 3437 Rhoemetalces
1006 3393 1077 3437 cum
1099 3372 1227 3437 auxiliis
1246 3393 1301 3456 po

126 3507 201 3564 ,mag
259 3477 424 3561 pularium,
441 3476 495 3558 qui
510 3475 607 3540 fidem
622 3498 686 3542 non
702 3482 912 3557 mutaverant,
936 3496 1062 3557 venere,
1085 3475 1195 3540 addita
1210 3497 1301 3560 prae-

258 3581 340 3647 senti
368 3581 459 3665 copia
486 3580 529 3644 ad
556 3579 678 3645 hostem
701 3581 815 3664 pergit,
847 3581 1054 3665 compositum
1077 3581 1141 3645 iam
1163 3601 1221 3663 per
1243 3601 1300 3647 an-

256 3685 379 3770 gustias
405 3685 550 3750 saltuum.
590 3683 719 3766 quidam
749 3684 919 3750 audentius
948 3685 1067 3769 apertis
1096 3685 1129 3748 in
1160 3684 1296 3751 collibus

257 3789 450 3869 visebantur,
486 3807 564 3868 quos
594 3787 660 3852 dux
692 3789 854 3852 Romanus
888 3787 957 3853 acie
991 3807 1179 3873 suggressus
1209 3786 1299 3853 haud

242 3913 346 3980 aegre
365 3891 507 3982 pepulit,
531 3891 912 3980 sanguinebarbarorum
922 3891 1046 3956 modico
1061 3892 1101 3956 ob
1118 3890 1299 3975 propinqua
