2760 4214
501 144 525 183 a.
539 128 571 184 U.
585 144 607 183 c.
622 131 680 184 767.
707 146 734 197 p.
747 127 809 182 Chr.
824 131 863 184 14.
1158 113 1198 177 19

252 301 303 366 32.
328 303 396 367 Nec
419 303 542 385 legatus
571 303 699 368 obviam
721 303 801 367 ibat:
831 303 947 387 quippe
969 303 1105 387 plurium
1129 324 1200 370 uae·
1226 301 1363 415 mss'm‘

162 406 273 472 cordia
288 407 497 472 constantiam
514 413 684 473 exemerat.
715 414 847 491 repente
867 408 1024 492 lymphati
1044 408 1201 475 destrictis
1233 373 1355 488 upuppa-

165 509 280 594 gladiis
293 510 326 575 in
339 511 538 576 centuriones
549 511 717 576 invadunt:
736 532 774 576 ea
790 511 1004 576 vetustissima
1015 513 1201 579 militaribus

163 612 246 679 odiis
276 615 423 679 materies
450 622 482 679 ct
508 614 672 680 saeviendi
699 615 898 699 principium.
937 622 1108 699 prostratos
1134 635 1201 681 ver-

165 717 294 783 beribus
323 719 471 799 mulcant,
503 719 657 802 sexageni
687 719 838 802 singulos,
872 725 908 784 ut
935 740 1101 785 numerum
1131 739 1201 785 cen·

164 821 322 886 turionum
341 821 570 907 adaequarent3
594 829 661 888 tum
681 824 847 888 convulsos
866 823 1063 906 laniatosque
1083 829 1114 888 et
1132 843 1201 908 par-

165 925 221 989 tim
245 926 409 990 exanimos
430 932 505 991 ante
527 926 646 990 vallum
668 932 723 990 aut
749 926 782 991 in
805 946 931 991 amnem
954 926 1100 991 Rhenum
1122 927 1202 1011 proi-

166 1030 261 1094 ciunt.
296 1029 467 1114 Septimius
488 1050 558 1094 cum
575 1029 767 1114 perfugisset
786 1029 826 1094 ad
846 1031 985 1094 tribunal
1004 1030 1202 1114 pedibusque

167 1132 325 1198 Caecinae
347 1132 578 1214 advolveretur,
602 1152 639 1198 eo
660 1153 759 1216 usque
782 1132 943 1218 flagitatus
964 1140 1021 1216 est,
1044 1134 1146 1200 donec
1160 1133 1203 1199 ad

165 1236 298 1301 exitium
333 1235 508 1302 dederetur.
554 1237 683 1302 Cassius
717 1236 869 1318 Chaerea,
903 1257 977 1301 mox
1012 1236 1109 1302 caede
1142 1238 1201 1303 Cai

166 1340 312 1406 Caesaris
327 1341 509 1405 memoriam
522 1340 608 1424 apud
619 1347 761 1425 posteros
776 1340 921 1425 adeptus,
936 1347 1004 1405 tum
1015 1340 1202 1407 adulescens

166 1451 199 1508 et
225 1444 324 1509 animi
346 1444 446 1526 ferox,
476 1445 560 1509 inter
588 1446 750 1511 obstantes
780 1452 811 1510 et
839 1451 976 1510 armatos
1005 1445 1087 1510 ferro
1117 1445 1201 1509 viam

167 1547 327 1631 patefecit.
366 1568 430 1612 non
452 1548 597 1612 tribunus
620 1549 711 1629 ultra,
739 1568 802 1613 non
832 1554 1002 1613 castrorum
1024 1547 1202 1632 praefectus

166 1651 217 1716 ius
240 1652 388 1717 obtinuit:
420 1652 555 1736 vigilias,
587 1653 747 1734 stationes,
779 1659 810 1718 et
833 1653 859 1718 si
883 1673 946 1736 qua
967 1653 1030 1716 alia
1051 1671 1203 1737 praesens

166 1775 243 1820 usus
272 1755 440 1837 indixerat,
471 1757 533 1840 ipsi
562 1756 788 1840 partiebantur.
834 1756 867 1820 id
898 1757 1050 1821 militares
1079 1756 1202 1822 animos

166 1860 260 1925 altius
287 1860 536 1926 coniectantibus
563 1861 766 1945 praecipuum
793 1859 945 1925 indicium
973 1860 1080 1942 magni
1107 1865 1203 1942 atque

169 1964 368 2048 inplacabilis
391 1971 504 2046 motus,
528 1964 612 2047 quod
635 1964 758 2030 disiecti
781 1965 825 2029 nil
848 1984 951 2047 neque
974 1984 1144 2049 paucorum
1159 1964 1203 2028 in-

167 2068 293 2152 stinctu,
324 2077 372 2134 set
401 2070 519 2153 pariter
548 2068 759 2150 ardescerent,
794 2069 912 2153 pariter
942 2068 1080 2150 silerent,
1114 2074 1202 2133 tanta

167 2173 357 2255 aequalitate
380 2180 411 2238 et
435 2173 622 2255 constantia,
645 2180 679 2238 ut
702 2173 769 2257 regi
793 2172 946 2238 crederes

255 2276 304 2340 33.
328 2277 456 2342 Interea
472 2277 658 2343 Germanico
679 2298 736 2363 per
751 2277 879 2358 Gallias,
903 2283 938 2340 ut
961 2275 1109 2358 diximus,
1132 2297 1201 2341 cen·
1224 2291 1364 2344 auretam

169 2399 224 2472 sus
238 2381 406 2465 accipienti
422 2382 598 2447 excessisse
612 2382 790 2466 Augustum
811 2380 959 2445 adfertur.
991 2386 1119 2464 neptem
1135 2381 1202 2446 eius
1222 2361 1374 2406 ‘mmm‘

167 2484 376 2568 Agrippinam
398 2485 432 2549 in
454 2485 652 2550 matrimonio
674 2486 843 2569 pluresque
863 2505 905 2550 ex
921 2503 959 2548 ea
979 2484 1094 2549 liberos
1108 2483 1203 2548 habe-

168 2588 234 2671 bat,
264 2589 332 2674 ipse
355 2589 458 2654 Druso
481 2590 578 2654 fratre
600 2589 718 2654 Tiberii
741 2589 877 2673 genitus,
909 2589 1071 2671 Augustae
1093 2607 1202 2672 nepos,

168 2699 216 2758 set
238 2693 354 2758 anxius
377 2694 507 2759 occultis
528 2694 562 2757 in
585 2713 621 2759 se
642 2695 746 2778 patrui
769 2693 924 2775 aviaeque
951 2691 1041 2773 odiis,
1072 2712 1204 2774 quorum

171 2817 285 2862 causae
304 2797 450 2879 acriores,
472 2799 546 2880 quia
566 2798 703 2880 iniquae.
735 2799 853 2882 quippe
869 2797 964 2861 Drusi
984 2816 1100 2880 magna
1118 2795 1205 2881 apud

168 2902 319 2985 populum
348 2902 526 2965 Romanum
556 2902 716 2982 memoria,
751 2900 1009 2982 credebaturque,
1044 2900 1071 2965 si
1101 2920 1204 2965 rerum

168 3004 286 3088 potitus
305 3004 395 3085 foret,
419 3005 596 3070 libertatem
616 3004 808 3088 redditurus;
832 3003 917 3069 unde
932 3004 966 3067 in
982 3003 1203 3069 Germanicum

168 3107 259 3173 favor
281 3115 312 3173 et
335 3110 408 3192 spes
431 3108 553 3174 eadem.
587 3129 662 3173 nam
684 3108 792 3172 iuveni
815 3108 907 3172 civile
929 3107 1101 3190 ingenium,
1125 3108 1204 3171 mira

169 3212 301 3277 comitas
324 3219 356 3277 et
378 3199 567 3277 diversaab
590 3212 711 3276 Tiberii
733 3230 878 3276 sermone
900 3212 999 3292 vultu,
1026 3210 1204 3294 adroganti-

168 3316 230 3380 bus
250 3322 281 3380 et
301 3316 450 3382 obscuris.
482 3315 677 3381 accedebant
696 3316 867 3381 muliebres
887 3315 1077 3380 offensiones
1097 3335 1204 3380 nover-

169 3419 290 3485 calibus
305 3420 416 3485 Liviae
438 3421 472 3484 in
487 3420 696 3504 Agrippinam
719 3420 863 3501 stimulis,
886 3427 982 3501 atque
1005 3420 1075 3503 ipsa
1094 3418 1204 3502 Agrip-

169 3522 246 3607 pina
266 3524 359 3607 paulo
380 3524 573 3604 commotior,
596 3524 657 3587 nisi
673 3523 757 3605 quod
773 3523 917 3588 castitate
933 3528 964 3587 ct
980 3521 1084 3585 mariti
1099 3541 1203 3586 amore

169 3627 314 3708 quamvis
335 3626 523 3692 indomitum
546 3627 686 3691 animum
708 3627 741 3689 in
763 3627 881 3691 bonum
904 3626 1056 3690 vertebat.

256 3732 307 3794 34.
331 3729 396 3797 Sed
419 3730 626 3796 Germanicus
656 3737 774 3812 quanto
805 3749 947 3794 summae
970 3709 1038 3812 spei
1068 3728 1203 3813 propior,
1229 3740 1367 3787 eumuna

168 3840 256 3899 tanto
285 3834 460 3918 impensius
489 3855 545 3919 pro
576 3834 703 3899 Tiberio
733 3833 800 3898 niti.
847 3831 1015 3916 Sequanos
1043 3832 1217 3915 proximos

1088 3935 1124 3984 (ᾖ
