2760 4214
166 190 209 254 34
416 206 465 261 Ab
483 221 600 261 excessu
617 207 650 260 D.
664 206 791 276 Augusti
808 207 821 259 Ι
839 210 949 262 60-64.

166 380 240 445 dam
262 381 401 464 repperit
422 379 700 446 undevicensimae
722 380 856 465 legionis
875 381 1015 463 aquilam
1031 401 1102 446 cum
1117 380 1202 445 Varo

166 486 324 550 amissam.
371 483 500 549 ductum
522 483 597 548 inde
620 505 735 569 agmen
757 484 799 548 ad
822 485 948 552 ultimos
970 487 1211 566 Bructerorum,

168 595 383 671 quantumque
405 589 559 654 Amisiam
583 595 615 653 et
637 589 772 672 Lupiam
794 610 906 654 amnes
928 590 1011 654 inter
1032 594 1202 669 vastatum,

167 692 252 758 haud
274 693 383 778 procul
404 692 668 775 Teutoburgiensi
692 692 783 774 saltu,
817 694 850 757 in
874 713 935 776 quo
957 692 1109 776 reliquiae
1125 692 1204 757 Vari

167 798 390 882 legionumque
412 797 589 881 insepultae
612 796 807 863 dicebantur.

0 900 149 952 Midili·
255 902 342 965 sul
343 902 376 985 gi
378 907 428 965 tur
443 900 557 985 cupido
575 901 744 967 Gaesarem
759 900 881 966 invadit
896 901 1040 967 solvendi
1056 921 1206 985 suprema

28 970 119 1082 ἓξὲξ
168 1005 321 1070 militibus
350 1004 496 1088 ducique,
527 1011 669 1089 permoto
699 1004 741 1069 ad
771 1006 900 1071 miserat
902 1006 1006 1070 ionem
1036 1005 1121 1070 omni
1149 1004 1204 1095 qui

168 1108 279 1174 aderat
266 1109 442 1173 texercitu
465 1110 504 1175 ob
526 1108 727 1193 propinquos,
751 1109 878 1190 amicos,
902 1108 1039 1191 denique
1054 1108 1094 1174 ob
1110 1128 1206 1174 casus

168 1213 321 1278 bellorum
344 1218 375 1276 et
398 1219 513 1278 sortem
535 1212 706 1278 hominum.
738 1213 911 1298 praemisso
928 1212 1075 1294 Caenina,
1098 1219 1132 1276 ut
1156 1232 1206 1277 oc-

169 1317 252 1382 culta
282 1317 417 1382 saltuum
448 1322 639 1381 scrutaretur
667 1323 842 1400 pontesque
874 1323 905 1381 et
934 1336 1069 1400 aggeres
1096 1314 1206 1384 umido

169 1420 317 1506 paludum
336 1427 367 1485 et
382 1420 548 1485 fallacibus
564 1421 684 1504 campis
699 1421 873 1505 inponeret,
896 1420 1047 1485 incedunt
1066 1426 1207 1486 maestos

168 1527 254 1591 locos
281 1526 414 1606 visuque
442 1545 480 1589 ac
508 1524 659 1588 memoria
682 1523 839 1589 deformis.
879 1525 980 1608 prima
1002 1525 1077 1589 Vari
1101 1530 1208 1588 castra

169 1629 232 1694 lato
255 1629 375 1694 ambitu
399 1634 431 1693 et
453 1627 604 1693 dimensis
626 1628 789 1712 principiis
808 1628 902 1692 trium
917 1628 1077 1712 legionum
1091 1647 1208 1694 manus

170 1734 389 1821 ostentabant,
420 1731 495 1796 dein
526 1732 674 1797 semiruto
700 1732 793 1812 vallo,
823 1731 934 1796 humili
965 1732 1052 1798 fossa
1081 1732 1207 1797 accisae

170 1837 232 1901 iarn
266 1837 417 1917 reliquiae
446 1834 704 1900 consedisse't
657 1857 689 1899 rn
691 1836 885 1918 ttellegeban
886 1855 935 1900 ur:
965 1834 1069 1900 medio
1100 1835 1208 1919 campi

170 1940 311 2005 albentia
332 1959 414 2020 ossa,
438 1944 472 2003 ut
494 1938 696 2023 fugerant,u
698 1939 815 2004 trestit
816 1945 915 2020 erant,
893 1938 1072 2004 tdisieota
1086 1939 1139 2004 vel
1154 1959 1209 2023 ag-

170 2050 289 2127 gerata
328 2041 517 2107 adiacebant
505 2042 697 2126 tfragmina
719 2042 851 2107 telorum
874 2062 1087 2125 equorumque
1109 2049 1207 2125 artus,

171 2147 264 2212 simul
283 2147 402 2210 truncis
421 2147 567 2211 arborum
590 2146 731 2210 antefixa
751 2166 813 2210 ora.
845 2147 923 2211 lucis
938 2147 1125 2231 propinquis
1138 2146 1209 2212 bar-

171 2252 267 2315 barae
297 2270 381 2331 arae,
411 2248 497 2334 apud
527 2270 605 2331 quas
634 2250 777 2315 tribunos
803 2270 841 2314 ac
867 2251 1039 2335 primorum
1062 2249 1208 2316 ordinum

172 2354 371 2419 centuriones
394 2358 619 2418 mactaverant.
649 2359 679 2417 et
702 2352 800 2418 cladis
823 2353 891 2418 eius
913 2354 1106 2438 superstites,
1130 2375 1209 2440 pug-

170 2478 247 2522 nam
269 2462 324 2522 aut
346 2456 474 2521 vincula
496 2456 604 2541 elapsi,
628 2456 807 2521 referebant
826 2457 878 2522 hic
901 2457 1052 2523 cecidisse
1074 2459 1208 2542 legatos,

172 2562 236 2626 illic
264 2567 372 2645 raptas
401 2560 536 2644 aquilas;
565 2561 699 2645 primum
727 2562 781 2625 ubi
803 2561 919 2626 vulnus
940 2562 1024 2627 Varo
1047 2561 1208 2644 adactum,
1287 2601 1291 2613 ·

173 2667 227 2730 ubi
254 2665 373 2729 infelici
403 2664 536 2729 dextera
566 2671 598 2729 et
624 2684 680 2729 suo
702 2665 766 2728 ictu
789 2671 920 2729 mortem
942 2666 1113 2750 invenerit,
1145 2687 1209 2749 quo

173 2770 321 2834 tribunali
352 2769 551 2834 contionatus
581 2769 753 2849 Aminios,
785 2775 861 2852 quot
890 2770 1033 2854 patibula
1063 2770 1208 2855 captivis,

174 2894 255 2955 quae
279 2874 415 2953 scrobes,
445 2878 543 2954 utque
566 2872 666 2956 signis
689 2880 720 2937 et
743 2874 857 2955 aquilis
879 2894 936 2958 per
959 2875 1139 2958 superbiam
1162 2874 1211 2939 in·

173 2977 290 3041 luserit.
653 2964 655 2968 ⁸

15 3081 141 3134 scotuna
261 3080 311 3144 62.
334 3081 435 3163 Igitur
450 3082 611 3146 Romanus
631 3101 683 3162 qur
675 3080 809 3145 aderat
825 3082 944 3145 exercit
945 3102 982 3145 us
998 3087 1069 3147 sext
1070 3103 1123 3146 urn
1138 3089 1211 3166 post

0 3148 127 3273 “etms
131 3160 155 3195 ⁹¹¹
175 3185 273 3250 cladis
289 3205 407 3248 annum
423 3186 516 3250 trium
532 3186 693 3269 legionum
708 3206 790 3266 ossa,
813 3187 899 3250 nullo
919 3192 1049 3252 noscent
1051 3206 1068 3250 e
1037 3186 1211 3252 talienas

174 3289 323 3372 reliquias
345 3310 386 3353 an
411 3308 537 3353 suorum
559 3287 655 3354 humo
678 3296 807 3374 tegeret,
831 3310 941 3355 omnes
961 3295 995 3353 ut
1015 3290 1210 3371 coniunctos,

174 3401 209 3458 ut
231 3393 493 3477 consanguineos,
524 3400 617 3457 aucta
639 3394 672 3457 in
695 3393 817 3458 hostem
839 3394 895 3475 ira,
927 3395 1040 3458 maesti
1062 3393 1156 3459 simul
1179 3402 1212 3459 et

175 3498 291 3563 infensi
314 3497 500 3563 condebant.
540 3499 675 3582 primum
698 3497 874 3563 extruendo
896 3499 1016 3563 tumulo
1038 3499 1212 3583 caespitem

177 3603 293 3669 Caesar
323 3603 436 3686 posuit,
467 3603 646 3685 gratissimo
673 3622 804 3666 munere
826 3603 859 3666 in
883 3601 1048 3668 defunctos
1071 3609 1102 3668 et
1123 3623 1214 3687 prae-

176 3707 319 3772 sentibus
349 3705 464 3771 doloris
493 3708 605 3771 socius.
652 3706 736 3788 quod
763 3707 889 3771 Tiberio
919 3706 1006 3771 haud
1033 3707 1213 3792 probatum,

176 3830 233 3875 seu
264 3817 378 3875 cuncta
405 3809 583 3875 Germanici
615 3811 648 3874 in
679 3809 816 3874 deterius
846 3809 994 3891 trahenti,
1027 3811 1094 3876 sive
1125 3829 1214 3876 exer-

170 3914 268 3977 citum
297 3913 440 3998 imagine
471 3934 635 3982 caesorum
663 3914 952 3999 insepultorumque
983 3913 1140 3980 tardatum
1171 3914 1216 3980 ad
