2760 4214
240 171 301 234 128
486 187 535 241 Ab
554 202 670 241 excessu
689 187 721 242 D.
734 187 860 257 Augusti
879 189 920 242 IV
938 191 1034 245 8-12.

236 360 384 444 adloquia
406 361 542 446 tolerari,
565 362 621 426 vix
646 361 731 427 diem
753 362 854 445 aspici
876 382 896 425 a
918 361 1077 446 plerisque
1092 362 1279 446 lugentium.

236 486 340 548 neque
369 466 440 531 illos
462 465 678 530 inbecillitatis
701 465 914 531 damnandos:
945 486 980 531 se
1010 473 1117 531 tamen
1147 466 1281 532 fortiora

237 568 355 635 solacia
377 589 395 633 e
418 570 585 653 complexu
608 569 654 634 rei
676 569 823 653 publicae
846 570 1008 653 petivisse.
1047 570 1280 653 miseratusque

236 674 400 756 Augustae
424 679 600 738 extremam
623 680 794 753 senectam,
818 673 928 738 rudem
950 673 1056 738 adhuc
1078 681 1229 757 nepotum
1246 681 1281 738 ct

236 784 421 861 vergentem
436 784 574 843 aetatem
590 798 690 859 suam,
706 784 741 843 ut
756 777 937 843 Germanici
952 779 1053 859 liberi,
1078 778 1173 842 unica
1188 798 1278 862 prae·

237 881 374 946 sentium
389 881 543 945 malorum
558 881 750 962 levamenta,
767 881 992 946 inducerentur
1010 882 1131 966 petivit.
1157 883 1277 965 egressi

237 985 383 1049 consules
416 984 557 1050 firmatos
591 984 739 1067 adloquio
773 985 1027 1051 adulescentulos
1061 985 1279 1068 deductosque

236 1094 311 1152 ante
336 1089 504 1154 Caesarem
527 1095 677 1154 statuunt.
717 1090 831 1172 quibus
862 1090 1028 1174 adprensis
1058 1084 1175 1174 ‘patres
1206 1110 1275 1154 con·

237 1192 355 1276 scripti,
387 1189 454 1258 hos'
482 1193 585 1276 inquit
607 1185 745 1258 ‘orbatos
767 1201 899 1277 parente
921 1193 1037 1257 tradidi
1060 1200 1173 1277 patruo
1195 1195 1277 1277 ipso·

236 1316 306 1360 rum
329 1303 539 1379 precatusque
562 1317 642 1377 sum,
668 1316 859 1378 quamquam
882 1303 967 1362 esset
989 1297 1033 1361 illi
1056 1297 1184 1381 propria
1207 1299 1278 1362 sub-

236 1400 311 1480 oleo,
336 1420 376 1464 nc
400 1419 492 1465 secus
515 1401 617 1482 quam*
633 1420 724 1465 suum
748 1401 935 1484 sauguinem
952 1401 1083 1482 foveret,
1107 1402 1275 1480 attolleret,

237 1503 361 1586 sibique
385 1510 416 1569 et
438 1504 573 1588 posteris
596 1505 816 1570 conformaret
848 1511 955 1589 erepto
977 1506 1081 1570 Dnrso
1104 1525 1215 1589 preces
1235 1505 1277 1569 ad

236 1628 294 1673 vos
325 1615 474 1673 converto
505 1607 617 1690 disque
645 1613 677 1672 et
703 1609 805 1692 patria
829 1628 934 1673 coram
957 1609 1109 1673 obtestor:
1140 1609 1277 1692 Augusti

236 1717 436 1796 pronepotes,
453 1711 634 1777 clarissimis
650 1712 822 1777 maioribus
836 1712 971 1796 genitos,
988 1712 1148 1796 suscipite,
1164 1712 1276 1795 regite,
1370 1706 1372 1711 ’

237 1823 376 1881 vestram
411 1835 578 1897 meamque
608 1815 712 1879 vicem
747 1816 883 1899 explete.
929 1815 962 1879 hi
992 1817 1093 1896 vobis,
1127 1817 1212 1880 Nero
1243 1821 1275 1879 ct

236 1919 350 2000 Druse,
381 1926 548 2002 parentum
577 1920 655 1985 loco.
694 1920 739 1983 ita
766 1920 833 1983 nati
857 1919 943 2000 estis,
967 1926 1001 1983 ut
1023 1919 1107 1985 bona
1129 1920 1278 2000 malaque

236 2029 344 2087 vestra
365 2021 407 2086 ad
429 2042 496 2086 rem
518 2022 679 2106 publicam
701 2019 902 2106 pertineant?

70 2124 218 2178 oeconoma
324 2125 353 2188 9.
371 2126 488 2207 Magno
505 2145 543 2188 ea
558 2124 634 2189 fletu
650 2132 682 2190 et
694 2146 769 2190 mox
780 2125 1016 2209 precationibus
1028 2125 1140 2192 faustis
1152 2125 1277 2211 audita3

89 2193 191 2307 'diff
236 2249 274 2292 ac
296 2228 324 2294 si
346 2227 474 2293 modum
497 2229 630 2293 orationi
660 2229 827 2312 posuisset,
858 2229 1073 2295 misericordia
1095 2229 1143 2295 sui
1166 2229 1276 2313 gloria·

236 2352 298 2414 que
325 2331 449 2397 animos
471 2332 669 2396 audientium
699 2332 901 2416 impleverat:
932 2332 974 2397 ad
997 2354 1081 2398 vana
1104 2340 1135 2397 et
1158 2333 1276 2398 totiens

236 2436 336 2502 inrisa
358 2437 529 2517 revolutuS,
554 2435 594 2500 de
617 2435 782 2501 reddenda
803 2457 838 2501 re
861 2437 989 2520 publica
1011 2443 1108 2519 utque
1131 2437 1277 2502 consules

236 2560 292 2605 scu
309 2540 379 2623 quis
394 2540 475 2605 alius
490 2540 634 2624 regimen
650 2541 855 2623 susciperent,
873 2560 947 2605 vcro
964 2560 1089 2622 quoque
1101 2547 1132 2605 et
1142 2540 1276 2605 honesto

234 2644 332 2710 fidem
363 2643 509 2729 dempsit.
553 2643 724 2708 memoriae
754 2644 851 2708 Drusi
882 2643 994 2709 eadem
1027 2663 1108 2725 quae
1137 2643 1171 2707 in
1202 2643 1276 2708 Ger·

235 2748 394 2812 manicum
425 2747 647 2827 decernuntur,
678 2747 837 2830 plerisque
859 2746 986 2828 additis,
1010 2754 1046 2812 ut
1067 2747 1167 2811 ferme
1189 2754 1278 2811 amat

235 2851 388 2935 posterior
417 2850 566 2916 adulatio.
605 2850 701 2914 funus
731 2851 907 2933 imaginum
929 2871 1047 2934 pompa
1069 2851 1208 2915 maxime
1231 2851 1276 2914 in-

235 2956 331 3019 lustre
354 2954 423 3035 fuit,
448 2974 519 3018 cum
542 2954 630 3037 origo
653 2953 753 3018 Iuliae
775 2954 880 3037 gentis
895 2954 1022 3019 Aeneas
1038 2974 1210 3036 omnesque
1224 2954 1276 3017 Al-

235 3060 389 3124 banorum
418 3077 511 3141 reges
539 3064 571 3122 ct
594 3058 736 3123 conditor
757 3058 845 3123 urbis
868 3059 1030 3139 RomuluS,
1062 3065 1133 3142 post
1156 3058 1276 3124 Sabina

235 3162 393 3242 nobilitas,
423 3163 517 3226 Attus
541 3162 674 3227 Clausus
705 3168 891 3244 ceteraeque
916 3161 1120 3228 Claudiorum
1151 3161 1276 3246 effigies

235 3267 329 3350 longo
353 3265 464 3331 ordine
486 3271 713 3349 spectarentur.

83 3362 189 3480 imit
325 3369 372 3433 10.
397 3370 435 3432 In
451 3368 607 3433 tradenda
621 3375 722 3433 morte
738 3368 834 3432 Drusi
850 3389 932 3451 quae
947 3369 1090 3453 plurimis
1105 3369 1275 3434 maximae-

113 3504 162 3549 Μ
235 3493 296 3555 que
329 3472 404 3538 fidei
437 3472 619 3537 auctoribus
653 3479 828 3537 memorata
861 3478 934 3537 sunt
968 3473 1087 3537 rettuli:
1126 3480 1175 3537 set
1211 3492 1274 3537 non

68 3572 209 3625 ”umili-
234 3576 392 3641 omiserim
423 3574 594 3640 eorundem
621 3580 797 3658 temporum
821 3596 987 3657 rumorem,
1019 3575 1160 3640 validum
1182 3575 1275 3656 adeo,

233 3685 268 3743 ut
290 3678 430 3743 nondum
454 3678 623 3743 exolescat.
655 3685 802 3762 corrupta
823 3678 866 3743 ad
888 3679 992 3744 scelus
1014 3680 1106 3744 Livia
1123 3679 1275 3745 Seianum

233 3781 339 3866 Lygdi
363 3801 486 3864 quoque
509 3779 660 3864 spadonis
682 3781 823 3845 animum
846 3789 953 3867 stupro
968 3782 1121 3864 vinxisse,
1146 3782 1230 3864 quod
1245 3783 1274 3847 is

75 3928 102 3960 .,
221 3891 333 3952 aetate
371 3891 471 3971 atque
505 3883 609 3952 forma
643 3905 735 3952 carus
771 3883 899 3951 domino
936 3886 1082 3967 interque
1119 3887 1274 3970 primores
