2760 4214
508 178 532 216 a.
547 162 580 218 U.
593 177 615 216 e.
629 165 688 217 ror.
715 179 742 230 p.
755 160 818 217 cm.
833 165 873 218 14.
1162 145 1205 210 23

170 335 281 401 Planci
306 357 437 420 gravem
459 343 492 402 et
514 337 693 401 inmeritum
721 355 838 418 casum,
867 336 958 401 simul
981 341 1133 418 quantum
1156 335 1207 400 de·

171 440 294 506 decoris
316 441 430 507 adierit
452 441 545 526 legio,
568 440 705 506 facunde
730 441 905 522 miseratur,
928 440 1125 523 attonitaque
1144 461 1207 504 ma-

171 545 221 628 gis
249 565 344 627 quam
372 545 478 627 quieta
504 544 651 611 contione
677 546 799 628 legatos
825 544 983 628 pracsidio
1006 544 1205 608 auxiliarium

171 648 313 729 equitum
335 648 474 713 dimittit.

257 752 309 816 40.
332 754 379 818 Ec
390 753 423 816 in
436 760 522 817 metu
533 771 666 836 arguere
678 752 900 817 Germanicum
916 771 1035 833 omnes,
1047 750 1132 834 quod
1143 772 1206 816 non
1237 749 1367 802 'stultia

169 857 212 922 ad
234 858 426 941 superiorem
446 857 620 923 exercitum
635 862 790 940 pergeret,
814 857 869 921 ubi
885 857 1036 939 obsequia
1051 863 1083 921 et
1099 862 1208 921 contra
1238 821 1367 875 mm

169 961 296 1026 rebellis
307 961 475 1026 auxilium:
488 962 565 1026 satis
576 980 734 1045 superque
745 960 894 1025 missione
908 967 939 1025 et
950 960 1086 1044 pecunia
1095 966 1125 1024 et
1133 960 1207 1024 mol-

170 1065 253 1131 libus
274 1065 423 1130 consultis
442 1071 617 1148 peccatum.
650 1065 702 1128 vel
717 1065 744 1128 si
759 1064 831 1129 vilis
845 1064 907 1147 ipsi
922 1065 1016 1145 salus,
1038 1085 1093 1128 cur
1107 1063 1206 1128 filium

169 1170 346 1253 parvulum,
370 1189 432 1255 cur⁸
438 1168 605 1252 gravidam
622 1169 788 1252 coniugem
804 1168 886 1232 inter
901 1167 1043 1232 furentes
1058 1173 1090 1233 et
1105 1169 1206 1234 omnis

170 1272 301 1337 humani
323 1273 400 1338 iuris
422 1273 591 1338 violatores
613 1271 767 1337 haberet?
797 1266 867 1336 illos
889 1273 1000 1336 saltem
1023 1292 1085 1336 avo
1108 1278 1140 1336 et
1160 1271 1206 1336 rei

169 1377 317 1461 publicae
343 1375 498 1441 redderet.
545 1376 599 1440 diu
627 1382 791 1440 cunctatus
818 1381 1041 1459 aspernantem
1064 1395 1206 1456 uxorem,

170 1501 240 1546 cum
269 1501 303 1545 se
331 1479 404 1544 divo
427 1480 570 1564 Augusto
597 1485 698 1544 ortam
722 1498 825 1561 neque
848 1478 1040 1563 degenerem
1063 1478 1104 1543 ad
1128 1479 1206 1563 peri-

170 1585 241 1650 cula
256 1590 433 1664 testaretur,
454 1590 611 1668 postremo
627 1589 749 1648 uterum
766 1585 833 1648 eius
849 1589 881 1647 et
896 1603 1093 1647 communem
1108 1582 1206 1647 filium

169 1689 268 1754 multo
291 1709 362 1753 cum
385 1687 462 1752 fietu
482 1689 675 1772 complexus,
699 1693 734 1751 ut
748 1687 850 1752 abiret
865 1687 1009 1771 perpulit.
1038 1685 1207 1752 incedebat

169 1793 321 1857 muliebre
345 1797 376 1856 et
398 1792 579 1857 miserabile
601 1811 728 1874 agmen,
756 1790 891 1875 profuga
914 1790 1003 1855 ducis
1025 1810 1114 1870 uxor,
1137 1810 1206 1873 par·

168 1897 277 1961 vulum
300 1897 370 1962 sinu
392 1896 491 1961 filium
514 1916 638 1979 gerens,
661 1897 872 1961 lamentantes
895 1895 1011 1960 circum
1034 1895 1206 1960 amicorum

168 2000 328 2083 coniuges,
353 2020 434 2082 quae
457 2000 549 2064 simul
572 1998 787 2080 trahebantur,
815 2019 875 2064 nec
897 2000 1001 2064 minus
1023 1999 1129 2064 tristes
1152 1999 1205 2080 qui

167 2105 348 2168 manebant.

254 2207 305 2270 41.
329 2208 402 2273 Non
424 2206 565 2272 florentis
581 2206 726 2273 Caesaris
749 2226 852 2288 neque
875 2206 940 2271 suis
959 2206 992 2270 in
1013 2205 1133 2286 castris,
1157 2211 1206 2270 set
1223 2201 1378 2316 {3532ssle

169 2311 257 2376 velut
279 2312 312 2375 in
335 2312 412 2375 urbe
435 2311 520 2375 victa
542 2310 641 2376 facies
663 2310 862 2394 gemitusque
885 2330 924 2374 ac
943 2310 1089 2394 planctus
1110 2309 1204 2373 etiam
1227 2340 1371 2395 orcamp,

168 2415 302 2480 militum
324 2435 417 2480 aures
440 2435 556 2496 oraque
579 2414 760 2479 advertere:
783 2413 1027 2499 progrediuntur
1043 2414 1205 2479 contuber-

167 2519 239 2583 niis.
282 2519 352 2601 quis
379 2519 430 2582 ille
452 2518 568 2584 flebilis
591 2518 709 2583 sonus?
740 2517 815 2600 quid
838 2525 904 2582 tam
927 2518 1039 2583 triste?
1069 2517 1204 2582 feminas

167 2623 325 2703 inlustres,
348 2642 413 2687 non
429 2622 644 2687 centurionem
660 2620 701 2685 ad
717 2622 857 2705 tutelam,
882 2642 945 2686 non
960 2623 1101 2702 militem,
1124 2620 1204 2686 nihil

167 2727 389 2811 imperatoriae
411 2727 518 2791 uxoris
540 2733 597 2790 aut
619 2727 785 2791 comitatus
808 2726 903 2791 soliti:
927 2746 1059 2810 pergere
1074 2725 1115 2790 ad
1130 2727 1204 2791 Tre-

166 2850 260 2896 veros
283 2836 314 2895 et
337 2835 488 2895 externae
511 2829 585 2894 fidei
608 2830 725 2896 sedem.
768 2829 870 2914 pudor
892 2829 968 2894 inde
991 2835 1023 2894 et
1044 2830 1203 2894 miseratio

168 2942 199 3000 et
221 2934 320 3018 patris
342 2934 514 3018 Agrippae,
543 2935 678 3017 Augusti
700 2934 753 2999 avi
776 2934 936 3017 memoria,
961 2954 1049 2999 socer
1072 2934 1203 3016 Drusus,

166 3039 237 3123 ipsa
259 3038 376 3122 insigni
398 3037 603 3120 fecunditate,
626 3039 790 3122 praeclara
812 3038 979 3122 pudicitia,
1009 3038 1073 3102 iam
1096 3039 1202 3104 infans

166 3144 200 3207 in
239 3142 349 3208 castris
387 3143 523 3225 genitus,
557 3142 590 3206 in
629 3142 833 3207 contubernio
866 3142 1026 3226 legionum
1060 3143 1202 3225 eductus

167 3267 261 3330 quem
283 3246 411 3310 militari
433 3247 586 3311 vocabulo
610 3247 785 3330 Caligulam
807 3247 1020 3331 appellabant,
1045 3249 1118 3330 quia
1140 3249 1202 3332 ple·

166 3370 298 3432 rumque
324 3349 365 3414 ad
389 3349 586 3415 concilianda
613 3351 700 3434 vulgi
727 3350 832 3416 studia
860 3371 897 3416 co
924 3352 1061 3435 tegmine
1085 3351 1202 3436 pedum

165 3453 363 3518 induebatur.
414 3453 471 3518 sed
505 3454 584 3518 nihil
616 3474 718 3536 aeque
751 3454 841 3519 flexit
878 3474 973 3536 quam
1009 3455 1132 3520 invidia
1168 3456 1200 3520 in

165 3559 332 3622 Treveros:
364 3564 455 3622 orant
477 3558 643 3637 obsistunt,
673 3557 789 3622 rediret
812 3565 962 3639 maneret,
993 3579 1067 3642 pars
1089 3559 1201 3643 Agrip-

164 3661 260 3745 pinae
283 3666 492 3742 occursantes,
521 3661 647 3745 plurimi
669 3660 710 3724 ad
734 3661 956 3726 Germanicum
979 3663 1124 3746 regressi.
1162 3663 1200 3728 is-

165 3784 226 3847 que
264 3770 299 3828 ut
332 3770 398 3827 erat
436 3783 547 3829 recens
581 3762 687 3829 dolore
721 3771 752 3829 et
785 3766 841 3846 ira,
876 3765 963 3850 apud
996 3765 1200 3831 circumfusos

164 3868 210 3932 ita
233 3867 350 3951 coepit:
