2760 4214
507 192 530 230 a.
547 177 687 232 1111161.
714 192 739 244 p.
753 175 816 230 on.
831 179 870 231 14.
1167 159 1207 224 15

166 349 304 413 Drusum
326 347 427 413 filium
449 369 519 413 cum
542 349 731 433 primoribus
754 350 891 415 civitatis
909 349 1097 432 duabusque
1120 370 1207 435 prae·

165 452 254 517 toriis
274 451 455 518 cohortibus
475 453 621 534 mitteret,
645 454 738 518 nullis
758 454 836 519 satis
857 453 950 518 certis
972 453 1141 534 mandatis,
1165 475 1206 518 ex

165 575 201 619 re
221 558 443 621 consulturum.
483 563 515 622 et
537 556 682 622 cohortes
701 557 823 623 delecto
844 558 943 622 milite
963 578 1059 641 supra
1081 558 1207 622 solitum

165 659 318 724 finnatae.
357 660 485 725 additur
511 682 629 745 magna
654 682 729 745 pars
755 662 947 746 praetoriani
970 661 1085 744 equitis
1108 668 1139 726 et
1161 682 1207 727 ro-

166 763 245 828 bora
265 764 503 853 Germanorum,
528 765 581 847 qui
602 772 668 829 tum
689 765 836 831 custodes
855 766 1036 849 imperatori
1059 765 1205 848 aderant,

165 867 260 932 simul
286 869 436 953 praetorii
462 867 642 953 praefectus
667 871 776 934 Aelius
804 870 948 951 Seianus
976 871 1098 954 collega
1124 869 1207 936 Stra·

166 971 243 1037 boni
264 973 348 1056 patri
371 993 427 1037 suo
449 972 553 1054 datus,
578 994 696 1058 magna
718 972 805 1058 apud
827 974 988 1039 Tiberium
1010 973 1206 1052 auctoritate,

166 1082 269 1141 rector
283 1077 392 1141 iuveni
408 1082 440 1140 et
455 1077 568 1141 ceteris
588 1078 796 1160 periculorum
815 1077 1091 1162 praemiorumque
1107 1084 1208 1143 osten-

166 1186 259 1247 tator.
307 1181 410 1246 Druso
445 1180 672 1264 propinquanti
707 1181 797 1263 quasi
830 1201 887 1264 per
920 1180 1059 1246 officium
1093 1181 1207 1246 obviae

166 1283 256 1349 fuere
278 1285 429 1368 legiones,
457 1306 520 1350 non
543 1286 655 1366 laetae,
683 1292 718 1349 ut
739 1285 871 1367 adsolet,
899 1306 1002 1368 neque
1029 1285 1208 1369 insignibus

166 1387 335 1473 fulgentes,
359 1387 416 1453 sed
438 1389 558 1454 inluvie
579 1389 713 1454 deformi
736 1396 768 1455 et
787 1390 886 1470 vultu,
911 1409 1102 1471 quamquam
1125 1409 1207 1454 mae·

166 1493 284 1558 stitiam
307 1493 514 1574 imitarentur,
539 1494 756 1558 contumaciae
779 1493 949 1578 propiores.

271 1597 321 1662 25.
346 1598 518 1679 Postquam
533 1598 651 1661 vallum
671 1597 799 1678 introiit,
823 1603 930 1681 portas
951 1597 1139 1662 stationibus
1159 1596 1207 1661 fir·
1241 1611 1283 1656 1111
1297 1611 1365 1657 esses

165 1707 265 1782 mant,
292 1702 403 1785 globos
430 1707 621 1766 armatorum
645 1701 739 1766 certis
766 1708 940 1767 castrorum
967 1701 1043 1766 locis
1071 1701 1208 1784 opperiri
1234 1680 1374 1802 ,3⁶³3ssss

166 1805 291 1890 iubent;
327 1805 423 1870 ceteri
458 1806 596 1871 tribunal
628 1805 752 1889 ingenti
783 1806 912 1888 agmine
946 1806 1205 1870 circumveniunt.

166 1909 273 1974 stabat
306 1909 430 1975 Drusus
463 1910 624 1974 silentium
658 1930 754 1973 manu
787 1929 932 1993 poscens.
983 1910 1027 1973 illi
1061 1910 1207 1991 quotiens

165 2014 272 2079 oculos
306 2013 348 2079 ad
385 2013 584 2078 multitudem
622 2014 821 2094 rettulerant,
859 2013 990 2078 vocibus
1023 2013 1208 2078 truculentis

166 2124 316 2201 strepere,
351 2138 474 2182 rursum
508 2117 577 2182 viso
613 2118 749 2183 Caesare
783 2116 956 2201 trepidare,
990 2137 1131 2182 murmur
1163 2117 1208 2180 in-

166 2226 297 2302 certum,
318 2227 409 2285 atrox
426 2221 544 2286 clamor
559 2227 590 2286 et
604 2228 737 2304 repente
755 2221 858 2304 quies;
882 2220 1017 2286 diversis
1031 2220 1208 2286 animorum

164 2324 302 2390 motibus
331 2327 494 2409 pavebant
523 2326 757 2406 terrebantque.
804 2324 934 2388 tandem
962 2325 1135 2408 interrupto
1163 2331 1208 2389 tu-

166 2429 267 2493 multu
296 2429 404 2494 literas
436 2428 535 2513 patris
565 2429 686 2509 recitat,
721 2429 754 2493 in
786 2429 857 2511 quis
890 2429 1099 2513 perscriptum
1131 2436 1207 2510 erat,

166 2533 370 2618 praecipuam
396 2533 458 2617 ipsi
485 2533 723 2599 fortissimarum
751 2534 911 2617 legionum
939 2554 1056 2615 curam,
1084 2534 1208 2616 quibus-

168 2657 239 2701 cum
274 2638 409 2721 plurima
441 2638 526 2702 bella
559 2638 773 2722 toleravisset3
812 2637 868 2702 ubi
901 2638 1036 2721 primum
1070 2659 1091 2703 a
1123 2638 1209 2702 luctu

167 2742 343 2823 requiesset
373 2742 509 2822 animus,
543 2747 687 2805 acturum
717 2740 804 2824 apud
837 2747 943 2825 patres
974 2741 1014 2806 de
1043 2741 1209 2826 postulatis

167 2864 290 2929 eorum;
318 2845 443 2910 misisse
473 2845 599 2908 interim
626 2845 735 2928 filium,
763 2850 798 2908 ut
825 2845 894 2910 sine
917 2847 1116 2910 cunctatione
1139 2865 1209 2909 eon-

167 2947 296 3014 cederet
323 2969 405 3031 quae
433 2949 539 3014 statim
566 2949 662 3014 tribui
690 2955 833 3034 possent,
864 2955 970 3014 cetera
997 2950 1121 3015 senatui
1148 2969 1209 3015 ser-

167 3053 284 3134 vanda,
313 3073 406 3136 quem
429 3074 532 3136 neque
558 3055 680 3137 gratiae
707 3073 812 3136 neque
840 3053 1019 3119 severitatis
1046 3060 1209 3138 expertem

167 3156 278 3221 haberi
302 3177 360 3241 par
383 3164 475 3222 esset.

273 3261 324 3324 26.
348 3262 547 3345 Responsum
575 3267 624 3325 est
649 3281 669 3324 a
696 3260 852 3340 contione,
880 3260 1031 3324 mandata
1055 3260 1210 3325 Clementi
1263 3271 1349 3324 suus

169 3365 344 3431 centurioni
371 3384 452 3447 quae
479 3363 641 3449 perferret.
686 3364 714 3429 is
741 3364 861 3428 orditur
883 3363 924 3428 de
950 3364 1101 3429 missione
1124 3384 1143 3426 a
1165 3383 1210 3428 se·
1230 3341 1368 3462 ³³⁸{ffim

168 3470 272 3536 decim
302 3471 404 3552 annis,
436 3470 476 3534 de
506 3470 655 3554 praemiis
686 3469 795 3534 finitae
826 3469 966 3549 militiae,
997 3475 1032 3533 ut
1062 3467 1212 3533 denarius
1248 3480 1367 3534 sentens

168 3574 316 3639 diurnum
339 3573 533 3659 stipendium
555 3573 646 3654 foret,
671 3593 711 3637 ne
731 3573 874 3638 veterani
898 3573 956 3637 sub
976 3572 1095 3636 vexillo
1117 3571 1211 3636 babe-

168 3685 285 3742 rentur.
327 3677 370 3743 ad
397 3697 436 3742 ea
457 3679 582 3743 Drusus
610 3697 681 3741 cum
707 3676 871 3742 arbitrium
898 3682 1026 3740 senatus
1054 3683 1086 3739 et
1112 3675 1212 3759 patris

169 3782 365 3866 obtenderet,
390 3782 525 3846 clamore
548 3778 700 3845 turbatur.
738 3800 792 3844 cur
809 3780 959 3862 venisset,
984 3781 1010 3844 si
1033 3799 1137 3861 neque
1160 3799 1211 3842 au·

169 3885 284 3970 gendis
317 3886 450 3951 militum
485 3884 655 3972 stipendiis
688 3905 796 3973 neque
826 3884 1025 3954 adlevandis
1047 3882 1246 3954 laboibus,
