<?xml version="1.0" encoding="UTF-8"?>
<!DOCTYPE html PUBLIC "-//W3C//DTD XHTML 1.0 Transitional//EN"
    "http://www.w3.org/TR/xhtml1/DTD/xhtml1-transitional.dtd">
<html xmlns="http://www.w3.org/1999/xhtml" xml:lang="en" lang="en">
 <head>
  <title>
</title>
<meta http-equiv="Content-Type" content="text/html;charset=utf-8" />
  <meta name='ocr-system' content='tesseract 3.04.00' />
  <meta name='ocr-capabilities' content='ocr_page ocr_carea ocr_par ocr_line ocrx_word'/>
</head>
<body>
  <div class='ocr_page' id='page_1' title='image "./annalen00tacigoog_0191.png"; bbox 0 0 2760 4214; ppageno 0'>
   <div class='ocr_carea' id='block_1_1' title="bbox 401 177 1145 261">
    <p class='ocr_par' dir='ltr' id='par_1_1' title="bbox 401 177 1145 261">
     <span class='ocr_line' id='line_1_1' title="bbox 401 177 1145 261; baseline -0.008 -15"><span class='ocrx_word' id='word_1_1' title='bbox 401 208 426 247; x_wconf 89' lang='lat' dir='ltr'><strong>a.</strong></span> <span class='ocrx_word' id='word_1_2' title='bbox 439 193 472 248; x_wconf 93' lang='lat' dir='ltr'><strong>U.</strong></span> <span class='ocrx_word' id='word_1_3' title='bbox 485 208 508 247; x_wconf 90' lang='lat' dir='ltr'><strong>c.</strong></span> <span class='ocrx_word' id='word_1_4' title='bbox 522 194 627 260; x_wconf 69' lang='lat' dir='ltr'><strong>tellas.</strong></span> <span class='ocrx_word' id='word_1_5' title='bbox 654 210 681 261; x_wconf 87' lang='lat' dir='ltr'><strong>p.</strong></span> <span class='ocrx_word' id='word_1_6' title='bbox 694 192 757 246; x_wconf 82' lang='lat' dir='ltr'><strong>Chr.</strong></span> <span class='ocrx_word' id='word_1_7' title='bbox 770 194 858 260; x_wconf 70' lang='lat' dir='ltr'><strong>31l32.</strong></span> <span class='ocrx_word' id='word_1_8' title='bbox 1084 177 1145 241; x_wconf 82' lang='lat'><strong>169</strong></span> 
     </span>
    </p>
   </div>
   <div class='ocr_carea' id='block_1_2' title="bbox 102 365 1310 3906">
    <p class='ocr_par' dir='ltr' id='par_1_2' title="bbox 102 365 1310 3874">
     <span class='ocr_line' id='line_1_2' title="bbox 106 365 1145 451; baseline 0 -19"><span class='ocrx_word' id='word_1_9' title='bbox 106 367 220 449; x_wconf 91' lang='lat' dir='ltr'><strong>quibus</strong></span> <span class='ocrx_word' id='word_1_10' title='bbox 247 367 327 432; x_wconf 90' lang='lat' dir='ltr'><strong>adeo</strong></span> <span class='ocrx_word' id='word_1_11' title='bbox 357 365 520 432; x_wconf 85' lang='lat' dir='ltr'><strong>indomitis</strong></span> <span class='ocrx_word' id='word_1_12' title='bbox 548 374 720 447; x_wconf 80' lang='lat' dir='ltr'>exarserat,</span> <span class='ocrx_word' id='word_1_13' title='bbox 751 373 785 430; x_wconf 92' lang='lat' dir='ltr'><strong>ut</strong></span> <span class='ocrx_word' id='word_1_14' title='bbox 808 387 894 431; x_wconf 91' lang='lat' dir='ltr'><strong>more</strong></span> <span class='ocrx_word' id='word_1_15' title='bbox 917 367 1004 450; x_wconf 91' lang='lat' dir='ltr'><strong>regio</strong></span> <span class='ocrx_word' id='word_1_16' title='bbox 1028 369 1145 451; x_wconf 85' lang='lat' dir='ltr'>pubem</span> 
     </span>
     <span class='ocr_line' id='line_1_3' title="bbox 105 469 1145 555; baseline 0.001 -20"><span class='ocrx_word' id='word_1_17' title='bbox 105 469 278 554; x_wconf 90' lang='lat' dir='ltr'><strong>ingenuam</strong></span> <span class='ocrx_word' id='word_1_18' title='bbox 301 471 417 554; x_wconf 92' lang='lat' dir='ltr'><strong>stupris</strong></span> <span class='ocrx_word' id='word_1_19' title='bbox 436 471 597 555; x_wconf 89' lang='lat' dir='ltr'><strong>pollueret.</strong></span> <span class='ocrx_word' id='word_1_20' title='bbox 623 490 682 535; x_wconf 90' lang='lat' dir='ltr'><strong>neo</strong></span> <span class='ocrx_word' id='word_1_21' title='bbox 697 469 831 534; x_wconf 81' lang='lat' dir='ltr'><strong>sormam</strong></span> <span class='ocrx_word' id='word_1_22' title='bbox 846 476 969 535; x_wconf 90' lang='lat' dir='ltr'><strong>tantum</strong></span> <span class='ocrx_word' id='word_1_23' title='bbox 985 478 1016 536; x_wconf 90' lang='lat' dir='ltr'><strong>et</strong></span> <span class='ocrx_word' id='word_1_24' title='bbox 1032 470 1145 537; x_wconf 89' lang='lat' dir='ltr'><strong>decora</strong></span> 
     </span>
     <span class='ocr_line' id='line_1_4' title="bbox 105 572 1145 658; baseline 0.001 -19"><span class='ocrx_word' id='word_1_25' title='bbox 105 593 245 657; x_wconf 89' lang='lat' dir='ltr'><strong>corpora,</strong></span> <span class='ocrx_word' id='word_1_26' title='bbox 269 580 317 639; x_wconf 91' lang='lat' dir='ltr'><strong>set</strong></span> <span class='ocrx_word' id='word_1_27' title='bbox 331 574 365 638; x_wconf 89' lang='lat' dir='ltr'><strong>in</strong></span> <span class='ocrx_word' id='word_1_28' title='bbox 380 574 430 638; x_wconf 88' lang='lat' dir='ltr'><strong>his</strong></span> <span class='ocrx_word' id='word_1_29' title='bbox 452 572 629 639; x_wconf 82' lang='lat' dir='ltr'><strong>modestam</strong></span> <span class='ocrx_word' id='word_1_30' title='bbox 652 574 830 657; x_wconf 89' lang='lat' dir='ltr'><strong>pueritiam,</strong></span> <span class='ocrx_word' id='word_1_31' title='bbox 853 574 887 638; x_wconf 89' lang='lat' dir='ltr'><strong>in</strong></span> <span class='ocrx_word' id='word_1_32' title='bbox 902 574 973 639; x_wconf 89' lang='lat' dir='ltr'><strong>aliis</strong></span> <span class='ocrx_word' id='word_1_33' title='bbox 988 575 1145 658; x_wconf 80' lang='lat' dir='ltr'><strong>imagines</strong></span> 
     </span>
     <span class='ocr_line' id='line_1_5' title="bbox 105 677 1144 763; baseline 0.002 -22"><span class='ocrx_word' id='word_1_34' title='bbox 105 678 259 743; x_wconf 88' lang='lat' dir='ltr'><strong>maiorum</strong></span> <span class='ocrx_word' id='word_1_35' title='bbox 280 678 522 744; x_wconf 81' lang='lat' dir='ltr'><strong>incitamentum</strong></span> <span class='ocrx_word' id='word_1_36' title='bbox 545 677 703 762; x_wconf 84' lang='lat' dir='ltr'><strong>cupidinis</strong></span> <span class='ocrx_word' id='word_1_37' title='bbox 725 678 876 743; x_wconf 89' lang='lat' dir='ltr'><strong>habebat.</strong></span> <span class='ocrx_word' id='word_1_38' title='bbox 924 685 1063 761; x_wconf 91' lang='lat' dir='ltr'><strong>tuncque</strong></span> <span class='ocrx_word' id='word_1_39' title='bbox 1085 681 1144 763; x_wconf 91' lang='lat' dir='ltr'><strong>pri·</strong></span> 
     </span>
     <span class='ocr_line' id='line_1_6' title="bbox 106 781 1144 866; baseline 0.002 -21"><span class='ocrx_word' id='word_1_40' title='bbox 106 801 192 846; x_wconf 91' lang='lat' dir='ltr'><strong>mum</strong></span> <span class='ocrx_word' id='word_1_41' title='bbox 218 782 327 866; x_wconf 90' lang='lat' dir='ltr'><strong>ignota</strong></span> <span class='ocrx_word' id='word_1_42' title='bbox 353 788 451 846; x_wconf 90' lang='lat' dir='ltr'><strong>antea</strong></span> <span class='ocrx_word' id='word_1_43' title='bbox 473 781 628 847; x_wconf 84' lang='lat' dir='ltr'><strong>voeabula</strong></span> <span class='ocrx_word' id='word_1_44' title='bbox 650 789 776 866; x_wconf 87' lang='lat' dir='ltr'><strong>reperta</strong></span> <span class='ocrx_word' id='word_1_45' title='bbox 799 788 873 847; x_wconf 91' lang='lat' dir='ltr'><strong>sunt</strong></span> <span class='ocrx_word' id='word_1_46' title='bbox 896 783 1090 847; x_wconf 89' lang='lat' dir='ltr'><strong>sellariorum</strong></span> <span class='ocrx_word' id='word_1_47' title='bbox 1114 789 1144 847; x_wconf 94' lang='lat' dir='ltr'><strong>et</strong></span> 
     </span>
     <span class='ocr_line' id='line_1_7' title="bbox 105 884 1145 970; baseline 0.003 -22"><span class='ocrx_word' id='word_1_48' title='bbox 105 884 306 968; x_wconf 90' lang='lat' dir='ltr'><strong>spintriarum</strong></span> <span class='ocrx_word' id='word_1_49' title='bbox 321 906 363 950; x_wconf 85' lang='lat' dir='ltr'><strong>ex</strong></span> <span class='ocrx_word' id='word_1_50' title='bbox 377 885 530 950; x_wconf 85' lang='lat' dir='ltr'><strong>foeditate</strong></span> <span class='ocrx_word' id='word_1_51' title='bbox 552 884 612 950; x_wconf 91' lang='lat' dir='ltr'><strong>loci</strong></span> <span class='ocrx_word' id='word_1_52' title='bbox 634 905 673 950; x_wconf 92' lang='lat' dir='ltr'><strong>ao</strong></span> <span class='ocrx_word' id='word_1_53' title='bbox 693 886 858 969; x_wconf 91' lang='lat' dir='ltr'><strong>multiplici</strong></span> <span class='ocrx_word' id='word_1_54' title='bbox 873 886 1040 970; x_wconf 77' lang='lat' dir='ltr'><strong>patientia,</strong></span> <span class='ocrx_word' id='word_1_55' title='bbox 1057 907 1145 970; x_wconf 90' lang='lat' dir='ltr'><strong>prae·</strong></span> 
     </span>
     <span class='ocr_line' id='line_1_8' title="bbox 105 989 1144 1073; baseline 0.001 -19"><span class='ocrx_word' id='word_1_56' title='bbox 105 990 263 1072; x_wconf 91' lang='lat' dir='ltr'><strong>positique</strong></span> <span class='ocrx_word' id='word_1_57' title='bbox 294 989 389 1071; x_wconf 88' lang='lat' dir='ltr'><strong>servi,</strong></span> <span class='ocrx_word' id='word_1_58' title='bbox 420 990 474 1072; x_wconf 94' lang='lat' dir='ltr'><strong>qui</strong></span> <span class='ocrx_word' id='word_1_59' title='bbox 499 989 721 1071; x_wconf 79' lang='lat' dir='ltr'><strong>conquirerent</strong></span> <span class='ocrx_word' id='word_1_60' title='bbox 743 989 973 1073; x_wconf 84' lang='lat' dir='ltr'><strong>pertraherent,</strong></span> <span class='ocrx_word' id='word_1_61' title='bbox 1005 989 1088 1055; x_wconf 88' lang='lat' dir='ltr'><strong>dona</strong></span> <span class='ocrx_word' id='word_1_62' title='bbox 1110 991 1144 1055; x_wconf 92' lang='lat' dir='ltr'><strong>in</strong></span> 
     </span>
     <span class='ocr_line' id='line_1_9' title="bbox 104 1092 1145 1177; baseline 0.001 -20"><span class='ocrx_word' id='word_1_63' title='bbox 104 1100 275 1177; x_wconf 89' lang='lat' dir='ltr'><strong>promptos,</strong></span> <span class='ocrx_word' id='word_1_64' title='bbox 305 1094 409 1158; x_wconf 87' lang='lat' dir='ltr'><strong>minas</strong></span> <span class='ocrx_word' id='word_1_65' title='bbox 438 1092 609 1158; x_wconf 88' lang='lat' dir='ltr'><strong>adversum</strong></span> <span class='ocrx_word' id='word_1_66' title='bbox 639 1092 817 1173; x_wconf 90' lang='lat' dir='ltr'><strong>abnuentis,</strong></span> <span class='ocrx_word' id='word_1_67' title='bbox 853 1099 884 1156; x_wconf 91' lang='lat' dir='ltr'><strong>et</strong></span> <span class='ocrx_word' id='word_1_68' title='bbox 914 1093 942 1158; x_wconf 94' lang='lat' dir='ltr'><strong>si</strong></span> <span class='ocrx_word' id='word_1_69' title='bbox 972 1093 1145 1159; x_wconf 87' lang='lat' dir='ltr'><strong>retinerent</strong></span> 
     </span>
     <span class='ocr_line' id='line_1_10' title="bbox 105 1197 1144 1281; baseline 0.003 -22"><span class='ocrx_word' id='word_1_70' title='bbox 105 1197 301 1280; x_wconf 90' lang='lat' dir='ltr'><strong>propinquus</strong></span> <span class='ocrx_word' id='word_1_71' title='bbox 329 1203 385 1261; x_wconf 88' lang='lat' dir='ltr'><strong>aut</strong></span> <span class='ocrx_word' id='word_1_72' title='bbox 414 1217 540 1280; x_wconf 90' lang='lat' dir='ltr'><strong>parens,</strong></span> <span class='ocrx_word' id='word_1_73' title='bbox 576 1197 641 1261; x_wconf 77' lang='lat' dir='ltr'><strong>vim</strong></span> <span class='ocrx_word' id='word_1_74' title='bbox 671 1203 781 1280; x_wconf 88' lang='lat' dir='ltr'><strong>raptus</strong></span> <span class='ocrx_word' id='word_1_75' title='bbox 812 1216 933 1278; x_wconf 91' lang='lat' dir='ltr'><strong>suaque</strong></span> <span class='ocrx_word' id='word_1_76' title='bbox 962 1197 1024 1281; x_wconf 92' lang='lat' dir='ltr'><strong>ipsi</strong></span> <span class='ocrx_word' id='word_1_77' title='bbox 1053 1197 1144 1263; x_wconf 91' lang='lat' dir='ltr'><strong>libita</strong></span> 
     </span>
     <span class='ocr_line' id='line_1_11' title="bbox 104 1300 602 1386; baseline -0.002 -21"><span class='ocrx_word' id='word_1_78' title='bbox 104 1300 221 1365; x_wconf 89' lang='lat' dir='ltr'><strong>velut</strong></span> <span class='ocrx_word' id='word_1_79' title='bbox 177 1307 246 1365; x_wconf 93' lang='lat' dir='ltr'><strong>t1n</strong></span> <span class='ocrx_word' id='word_1_80' title='bbox 269 1308 342 1386; x_wconf 89' lang='lat' dir='ltr'><strong>capt</strong></span> <span class='ocrx_word' id='word_1_81' title='bbox 343 1321 378 1366; x_wconf 93' lang='lat' dir='ltr'><strong>os</strong></span> <span class='ocrx_word' id='word_1_82' title='bbox 329 1303 602 1366; x_wconf 83' lang='lat' dir='ltr'><strong>ttexeroeban</strong></span> 
     </span>
     <span class='ocr_line' id='line_1_12' title="bbox 191 1402 1304 1524; baseline 0.002 -56"><span class='ocrx_word' id='word_1_83' title='bbox 191 1405 220 1469; x_wconf 78' lang='lat'><strong>2</strong></span> <span class='ocrx_word' id='word_1_84' title='bbox 245 1405 288 1470; x_wconf 83' lang='lat' dir='ltr'><strong>At</strong></span> <span class='ocrx_word' id='word_1_85' title='bbox 309 1406 430 1471; x_wconf 91' lang='lat' dir='ltr'><strong>Romae</strong></span> <span class='ocrx_word' id='word_1_86' title='bbox 452 1405 608 1489; x_wconf 89' lang='lat' dir='ltr'><strong>principio</strong></span> <span class='ocrx_word' id='word_1_87' title='bbox 630 1407 717 1486; x_wconf 90' lang='lat' dir='ltr'><strong>anni,</strong></span> <span class='ocrx_word' id='word_1_88' title='bbox 749 1405 840 1487; x_wconf 91' lang='lat' dir='ltr'><strong>quasi</strong></span> <span class='ocrx_word' id='word_1_89' title='bbox 869 1424 981 1470; x_wconf 92' lang='lat' dir='ltr'><strong>recens</strong></span> <span class='ocrx_word' id='word_1_90' title='bbox 1008 1405 1143 1488; x_wconf 88' lang='lat' dir='ltr'><strong>cognitis</strong></span> <span class='ocrx_word' id='word_1_91' title='bbox 1176 1402 1304 1524; x_wconf 47' lang='lat' dir='ltr'><strong>addictus</strong></span> 
     </span>
     <span class='ocr_line' id='line_1_13' title="bbox 103 1508 1310 1593; baseline 0.001 -21"><span class='ocrx_word' id='word_1_92' title='bbox 103 1509 214 1574; x_wconf 88' lang='lat' dir='ltr'><strong>Liviae</strong></span> <span class='ocrx_word' id='word_1_93' title='bbox 236 1509 346 1593; x_wconf 89' lang='lat' dir='ltr'><strong>flagit&#39;</strong></span> <span class='ocrx_word' id='word_1_94' title='bbox 326 1530 365 1575; x_wconf 90' lang='lat' dir='ltr'><strong>ns</strong></span> <span class='ocrx_word' id='word_1_95' title='bbox 387 1529 426 1573; x_wconf 88' lang='lat' dir='ltr'><strong>ac</strong></span> <span class='ocrx_word' id='word_1_96' title='bbox 447 1530 511 1574; x_wconf 94' lang='lat' dir='ltr'><strong>non</strong></span> <span class='ocrx_word' id='word_1_97' title='bbox 535 1508 657 1593; x_wconf 91' lang='lat' dir='ltr'><strong>pridem</strong></span> <span class='ocrx_word' id='word_1_98' title='bbox 674 1510 769 1575; x_wconf 91' lang='lat' dir='ltr'><strong>etiam</strong></span> <span class='ocrx_word' id='word_1_99' title='bbox 784 1509 861 1593; x_wconf 94' lang='lat' dir='ltr'><strong>puni</strong></span> <span class='ocrx_word' id='word_1_100' title='bbox 863 1511 957 1590; x_wconf 90' lang='lat' dir='ltr'><strong>tis,a</strong></span> <span class='ocrx_word' id='word_1_101' title='bbox 937 1514 1060 1575; x_wconf 88' lang='lat' dir='ltr'><strong>atroces</strong></span> <span class='ocrx_word' id='word_1_102' title='bbox 1075 1529 1143 1574; x_wconf 91' lang='lat' dir='ltr'><strong>sen·</strong></span> <span class='ocrx_word' id='word_1_103' title='bbox 1168 1550 1233 1593; x_wconf 59' lang='lat' dir='ltr'><strong>„m</strong></span> <span class='ocrx_word' id='word_1_104' title='bbox 1248 1541 1310 1585; x_wconf 58' lang='lat' dir='ltr'><strong>qq,</strong></span> 
     </span>
     <span class='ocr_line' id='line_1_14' title="bbox 102 1610 1307 1697; baseline 0.003 -21.038"><span class='ocrx_word' id='word_1_105' title='bbox 102 1613 221 1677; x_wconf 89' lang='lat' dir='ltr'><strong>tentiae</strong></span> <span class='ocrx_word' id='word_1_106' title='bbox 243 1612 471 1695; x_wconf 49' lang='lat' dir='ltr'><strong>dicebanturs</strong></span> <span class='ocrx_word' id='word_1_107' title='bbox 463 1635 496 1678; x_wconf 92' lang='lat' dir='ltr'><strong>m</strong></span> <span class='ocrx_word' id='word_1_108' title='bbox 520 1613 644 1697; x_wconf 88' lang='lat' dir='ltr'><strong>effigies</strong></span> <span class='ocrx_word' id='word_1_109' title='bbox 667 1634 792 1696; x_wconf 90' lang='lat' dir='ltr'><strong>quoque</strong></span> <span class='ocrx_word' id='word_1_110' title='bbox 811 1635 849 1678; x_wconf 90' lang='lat' dir='ltr'><strong>ae</strong></span> <span class='ocrx_word' id='word_1_111' title='bbox 865 1615 1048 1679; x_wconf 91' lang='lat' dir='ltr'><strong>memoriam</strong></span> <span class='ocrx_word' id='word_1_112' title='bbox 1064 1613 1141 1695; x_wconf 90' lang='lat' dir='ltr'><strong>eius,</strong></span> <span class='ocrx_word' id='word_1_113' title='bbox 1170 1611 1213 1655; x_wconf 63' lang='lat'><strong>¹¹³³</strong></span> <span class='ocrx_word' id='word_1_114' title='bbox 1228 1610 1307 1655; x_wconf 55' lang='lat' dir='ltr'><strong>ml</strong></span> 
     </span>
     <span class='ocr_line' id='line_1_15' title="bbox 105 1699 1277 1812; baseline 0.001 -31"><span class='ocrx_word' id='word_1_115' title='bbox 105 1721 136 1781; x_wconf 90' lang='lat' dir='ltr'><strong>et</strong></span> <span class='ocrx_word' id='word_1_116' title='bbox 158 1717 243 1782; x_wconf 91' lang='lat' dir='ltr'><strong>bona</strong></span> <span class='ocrx_word' id='word_1_117' title='bbox 266 1717 375 1783; x_wconf 84' lang='lat' dir='ltr'><strong>Seiani</strong></span> <span class='ocrx_word' id='word_1_118' title='bbox 397 1718 504 1783; x_wconf 86' lang='lat' dir='ltr'><strong>ablata</strong></span> <span class='ocrx_word' id='word_1_119' title='bbox 526 1718 648 1783; x_wconf 90' lang='lat' dir='ltr'><strong>aerario</strong></span> <span class='ocrx_word' id='word_1_120' title='bbox 675 1724 710 1782; x_wconf 87' lang='lat' dir='ltr'><strong>ut</strong></span> <span class='ocrx_word' id='word_1_121' title='bbox 739 1719 772 1782; x_wconf 91' lang='lat' dir='ltr'><strong>in</strong></span> <span class='ocrx_word' id='word_1_122' title='bbox 802 1717 914 1783; x_wconf 88' lang='lat' dir='ltr'><strong>fiscum</strong></span> <span class='ocrx_word' id='word_1_123' title='bbox 945 1725 1141 1802; x_wconf 85' lang='lat' dir='ltr'><strong>cogerentur,</strong></span> <span class='ocrx_word' id='word_1_124' title='bbox 1194 1699 1277 1812; x_wconf 50' lang='lat' dir='ltr'><strong>”w</strong></span> 
     </span>
     <span class='ocr_line' id='line_1_16' title="bbox 104 1821 1298 1905; baseline -0.003 -21"><span class='ocrx_word' id='word_1_125' title='bbox 104 1825 266 1903; x_wconf 87' lang='lat' dir='ltr'><strong>tamquam</strong></span> <span class='ocrx_word' id='word_1_126' title='bbox 288 1821 428 1886; x_wconf 85' lang='lat' dir='ltr'><strong>referret.</strong></span> <span class='ocrx_word' id='word_1_127' title='bbox 457 1821 622 1905; x_wconf 82' lang='lat' dir='ltr'><strong>Scipiones</strong></span> <span class='ocrx_word' id='word_1_128' title='bbox 644 1821 724 1887; x_wconf 88' lang='lat' dir='ltr'><strong>haee</strong></span> <span class='ocrx_word' id='word_1_129' title='bbox 747 1827 779 1885; x_wconf 90' lang='lat' dir='ltr'><strong>et</strong></span> <span class='ocrx_word' id='word_1_130' title='bbox 801 1822 901 1887; x_wconf 85' lang='lat' dir='ltr'><strong>Silani</strong></span> <span class='ocrx_word' id='word_1_131' title='bbox 924 1828 956 1887; x_wconf 91' lang='lat' dir='ltr'><strong>et</strong></span> <span class='ocrx_word' id='word_1_132' title='bbox 979 1821 1082 1888; x_wconf 82' lang='lat' dir='ltr'><strong>Cassii</strong></span> <span class='ocrx_word' id='word_1_133' title='bbox 1104 1821 1142 1887; x_wconf 94' lang='lat' dir='ltr'><strong>is·</strong></span> <span class='ocrx_word' id='word_1_134' title='bbox 1173 1837 1298 1890; x_wconf 70' lang='lat' dir='ltr'><strong>sonantur.</strong></span> 
     </span>
     <span class='ocr_line' id='line_1_17' title="bbox 105 1922 1143 2009; baseline 0.004 -22"><span class='ocrx_word' id='word_1_135' title='bbox 105 1922 177 1988; x_wconf 92' lang='lat' dir='ltr'><strong>dem</strong></span> <span class='ocrx_word' id='word_1_136' title='bbox 207 1924 306 1990; x_wconf 86' lang='lat' dir='ltr'><strong>ferme</strong></span> <span class='ocrx_word' id='word_1_137' title='bbox 336 1933 391 1990; x_wconf 93' lang='lat' dir='ltr'><strong>aut</strong></span> <span class='ocrx_word' id='word_1_138' title='bbox 421 1927 550 2009; x_wconf 91' lang='lat' dir='ltr'><strong>paulum</strong></span> <span class='ocrx_word' id='word_1_139' title='bbox 580 1925 744 1990; x_wconf 89' lang='lat' dir='ltr'><strong>inmutatis</strong></span> <span class='ocrx_word' id='word_1_140' title='bbox 771 1925 878 1991; x_wconf 86' lang='lat' dir='ltr'><strong>verbis</strong></span> <span class='ocrx_word' id='word_1_141' title='bbox 900 1925 1143 1991; x_wconf 88' lang='lat' dir='ltr'><strong>adseveratione</strong></span> 
     </span>
     <span class='ocr_line' id='line_1_18' title="bbox 105 2029 1143 2113; baseline 0.004 -23"><span class='ocrx_word' id='word_1_142' title='bbox 105 2029 202 2093; x_wconf 89' lang='lat' dir='ltr'><strong>multa</strong></span> <span class='ocrx_word' id='word_1_143' title='bbox 236 2029 419 2111; x_wconf 89' lang='lat' dir='ltr'><strong>censebant,</strong></span> <span class='ocrx_word' id='word_1_144' title='bbox 455 2050 526 2094; x_wconf 92' lang='lat' dir='ltr'><strong>oum</strong></span> <span class='ocrx_word' id='word_1_145' title='bbox 555 2035 687 2113; x_wconf 92' lang='lat' dir='ltr'><strong>repente</strong></span> <span class='ocrx_word' id='word_1_146' title='bbox 717 2029 879 2113; x_wconf 84' lang='lat' dir='ltr'><strong>Togonius</strong></span> <span class='ocrx_word' id='word_1_147' title='bbox 913 2029 1032 2110; x_wconf 75' lang='lat' dir='ltr'><strong>Gallus,</strong></span> <span class='ocrx_word' id='word_1_148' title='bbox 1067 2029 1143 2095; x_wconf 92' lang='lat' dir='ltr'><strong>dum</strong></span> 
     </span>
     <span class='ocr_line' id='line_1_19' title="bbox 105 2130 1143 2219; baseline 0.005 -26"><span class='ocrx_word' id='word_1_149' title='bbox 105 2130 334 2214; x_wconf 87' lang='lat' dir='ltr'><strong>ignobilitatem</strong></span> <span class='ocrx_word' id='word_1_150' title='bbox 350 2153 440 2198; x_wconf 90' lang='lat' dir='ltr'><strong>suam</strong></span> <span class='ocrx_word' id='word_1_151' title='bbox 462 2133 587 2217; x_wconf 88' lang='lat' dir='ltr'><strong>magnis</strong></span> <span class='ocrx_word' id='word_1_152' title='bbox 609 2133 791 2198; x_wconf 91' lang='lat' dir='ltr'><strong>nominibus</strong></span> <span class='ocrx_word' id='word_1_153' title='bbox 813 2134 933 2215; x_wconf 89' lang='lat' dir='ltr'><strong>inserit,</strong></span> <span class='ocrx_word' id='word_1_154' title='bbox 958 2154 1015 2219; x_wconf 91' lang='lat' dir='ltr'><strong>per</strong></span> <span class='ocrx_word' id='word_1_155' title='bbox 1030 2133 1143 2198; x_wconf 92' lang='lat' dir='ltr'><strong>deridi-</strong></span> 
     </span>
     <span class='ocr_line' id='line_1_20' title="bbox 105 2235 1143 2322; baseline 0.003 -23"><span class='ocrx_word' id='word_1_156' title='bbox 105 2235 209 2300; x_wconf 91' lang='lat' dir='ltr'><strong>culum</strong></span> <span class='ocrx_word' id='word_1_157' title='bbox 223 2237 359 2301; x_wconf 92' lang='lat' dir='ltr'><strong>auditur.</strong></span> <span class='ocrx_word' id='word_1_158' title='bbox 384 2258 458 2301; x_wconf 90' lang='lat' dir='ltr'><strong>nam</strong></span> <span class='ocrx_word' id='word_1_159' title='bbox 481 2237 657 2321; x_wconf 90' lang='lat' dir='ltr'><strong>prinoipem</strong></span> <span class='ocrx_word' id='word_1_160' title='bbox 680 2240 792 2304; x_wconf 86' lang='lat' dir='ltr'><strong>orabat</strong></span> <span class='ocrx_word' id='word_1_161' title='bbox 814 2238 954 2322; x_wconf 88' lang='lat' dir='ltr'><strong>deligere</strong></span> <span class='ocrx_word' id='word_1_162' title='bbox 970 2245 1143 2319; x_wconf 74' lang='lat' dir='ltr'><strong>senatores</strong></span> 
     </span>
     <span class='ocr_line' id='line_1_21' title="bbox 105 2340 1143 2425; baseline 0.004 -22"><span class='ocrx_word' id='word_1_163' title='bbox 105 2358 146 2403; x_wconf 85' lang='lat' dir='ltr'><strong>ex</strong></span> <span class='ocrx_word' id='word_1_164' title='bbox 176 2341 246 2422; x_wconf 93' lang='lat' dir='ltr'><strong>quis</strong></span> <span class='ocrx_word' id='word_1_165' title='bbox 276 2341 391 2424; x_wconf 84' lang='lat' dir='ltr'><strong>viginti</strong></span> <span class='ocrx_word' id='word_1_166' title='bbox 420 2348 504 2406; x_wconf 90' lang='lat' dir='ltr'><strong>sorte</strong></span> <span class='ocrx_word' id='word_1_167' title='bbox 535 2340 621 2406; x_wconf 90' lang='lat' dir='ltr'><strong>ducti</strong></span> <span class='ocrx_word' id='word_1_168' title='bbox 649 2349 680 2407; x_wconf 91' lang='lat' dir='ltr'><strong>et</strong></span> <span class='ocrx_word' id='word_1_169' title='bbox 709 2341 793 2407; x_wconf 86' lang='lat' dir='ltr'><strong>ferro</strong></span> <span class='ocrx_word' id='word_1_170' title='bbox 820 2342 965 2423; x_wconf 89' lang='lat' dir='ltr'><strong>accincti,</strong></span> <span class='ocrx_word' id='word_1_171' title='bbox 996 2342 1143 2425; x_wconf 92' lang='lat' dir='ltr'><strong>quotiens</strong></span> 
     </span>
     <span class='ocr_line' id='line_1_22' title="bbox 104 2443 1142 2525; baseline 0.002 -18"><span class='ocrx_word' id='word_1_172' title='bbox 104 2443 223 2507; x_wconf 85' lang='lat' dir='ltr'><strong>curiam</strong></span> <span class='ocrx_word' id='word_1_173' title='bbox 245 2444 366 2525; x_wconf 90' lang='lat' dir='ltr'><strong>inisset,</strong></span> <span class='ocrx_word' id='word_1_174' title='bbox 390 2445 525 2510; x_wconf 90' lang='lat' dir='ltr'><strong>salutem</strong></span> <span class='ocrx_word' id='word_1_175' title='bbox 549 2445 617 2510; x_wconf 91' lang='lat' dir='ltr'><strong>eius</strong></span> <span class='ocrx_word' id='word_1_176' title='bbox 640 2444 858 2510; x_wconf 86' lang='lat' dir='ltr'><strong>defenderent.</strong></span> <span class='ocrx_word' id='word_1_177' title='bbox 898 2444 1076 2510; x_wconf 88' lang='lat' dir='ltr'><strong>crediderat</strong></span> <span class='ocrx_word' id='word_1_178' title='bbox 1097 2446 1142 2511; x_wconf 91' lang='lat' dir='ltr'><strong>ni-</strong></span> 
     </span>
     <span class='ocr_line' id='line_1_23' title="bbox 103 2545 1142 2632; baseline 0.002 -22"><span class='ocrx_word' id='word_1_179' title='bbox 103 2545 216 2611; x_wconf 88' lang='lat' dir='ltr'><strong>mirum</strong></span> <span class='ocrx_word' id='word_1_180' title='bbox 239 2547 394 2630; x_wconf 88' lang='lat' dir='ltr'><strong>epistulae</strong></span> <span class='ocrx_word' id='word_1_181' title='bbox 415 2547 557 2613; x_wconf 90' lang='lat' dir='ltr'><strong>subsidio</strong></span> <span class='ocrx_word' id='word_1_182' title='bbox 580 2548 641 2613; x_wconf 90' lang='lat' dir='ltr'><strong>sibi</strong></span> <span class='ocrx_word' id='word_1_183' title='bbox 664 2549 798 2612; x_wconf 92' lang='lat' dir='ltr'><strong>alterum</strong></span> <span class='ocrx_word' id='word_1_184' title='bbox 821 2568 862 2612; x_wconf 84' lang='lat' dir='ltr'><strong>ex</strong></span> <span class='ocrx_word' id='word_1_185' title='bbox 886 2548 1068 2613; x_wconf 91' lang='lat' dir='ltr'><strong>consulibus</strong></span> <span class='ocrx_word' id='word_1_186' title='bbox 1090 2568 1142 2632; x_wconf 93' lang='lat' dir='ltr'><strong>po-</strong></span> 
     </span>
     <span class='ocr_line' id='line_1_24' title="bbox 103 2650 1140 2735; baseline 0.002 -22"><span class='ocrx_word' id='word_1_187' title='bbox 103 2650 229 2732; x_wconf 86' lang='lat' dir='ltr'><strong>scentis,</strong></span> <span class='ocrx_word' id='word_1_188' title='bbox 246 2658 281 2715; x_wconf 93' lang='lat' dir='ltr'><strong>ut</strong></span> <span class='ocrx_word' id='word_1_189' title='bbox 296 2656 383 2716; x_wconf 91' lang='lat' dir='ltr'><strong>tutus</strong></span> <span class='ocrx_word' id='word_1_190' title='bbox 397 2672 417 2715; x_wconf 90' lang='lat' dir='ltr'><strong>a</strong></span> <span class='ocrx_word' id='word_1_191' title='bbox 435 2650 565 2735; x_wconf 80' lang='lat' dir='ltr'><strong>Capreis</strong></span> <span class='ocrx_word' id='word_1_192' title='bbox 580 2652 691 2715; x_wconf 92' lang='lat' dir='ltr'><strong>urbem</strong></span> <span class='ocrx_word' id='word_1_193' title='bbox 707 2657 837 2734; x_wconf 86' lang='lat' dir='ltr'><strong>peteret.</strong></span> <span class='ocrx_word' id='word_1_194' title='bbox 861 2651 1008 2717; x_wconf 79' lang='lat' dir='ltr'><strong>Tiberius</strong></span> <span class='ocrx_word' id='word_1_195' title='bbox 1022 2657 1140 2732; x_wconf 88' lang='lat' dir='ltr'><strong>tamen,</strong></span> 
     </span>
     <span class='ocr_line' id='line_1_25' title="bbox 102 2752 1141 2839; baseline 0.003 -24"><span class='ocrx_word' id='word_1_196' title='bbox 102 2752 239 2819; x_wconf 89' lang='lat' dir='ltr'><strong>ludibria</strong></span> <span class='ocrx_word' id='word_1_197' title='bbox 254 2753 344 2819; x_wconf 91' lang='lat' dir='ltr'><strong>seriis</strong></span> <span class='ocrx_word' id='word_1_198' title='bbox 359 2755 551 2838; x_wconf 90' lang='lat' dir='ltr'><strong>permiscere</strong></span> <span class='ocrx_word' id='word_1_199' title='bbox 567 2755 686 2835; x_wconf 90' lang='lat' dir='ltr'><strong>solitus,</strong></span> <span class='ocrx_word' id='word_1_200' title='bbox 704 2755 769 2839; x_wconf 90' lang='lat' dir='ltr'><strong>egit</strong></span> <span class='ocrx_word' id='word_1_201' title='bbox 783 2754 883 2838; x_wconf 89' lang='lat' dir='ltr'><strong>gratis</strong></span> <span class='ocrx_word' id='word_1_202' title='bbox 898 2754 1141 2819; x_wconf 84' lang='lat' dir='ltr'><strong>benevolentiae</strong></span> 
     </span>
     <span class='ocr_line' id='line_1_26' title="bbox 102 2857 1141 2943; baseline 0.003 -23"><span class='ocrx_word' id='word_1_203' title='bbox 102 2861 241 2940; x_wconf 90' lang='lat' dir='ltr'><strong>patrum:</strong></span> <span class='ocrx_word' id='word_1_204' title='bbox 273 2857 330 2922; x_wconf 89' lang='lat' dir='ltr'><strong>sed</strong></span> <span class='ocrx_word' id='word_1_205' title='bbox 353 2878 431 2940; x_wconf 92' lang='lat' dir='ltr'><strong>quos</strong></span> <span class='ocrx_word' id='word_1_206' title='bbox 455 2858 556 2922; x_wconf 90' lang='lat' dir='ltr'><strong>omitti</strong></span> <span class='ocrx_word' id='word_1_207' title='bbox 578 2878 681 2943; x_wconf 89' lang='lat' dir='ltr'><strong>posse,</strong></span> <span class='ocrx_word' id='word_1_208' title='bbox 713 2877 792 2940; x_wconf 92' lang='lat' dir='ltr'><strong>quos</strong></span> <span class='ocrx_word' id='word_1_209' title='bbox 821 2858 940 2942; x_wconf 79' lang='lat' dir='ltr'><strong>deligi?</strong></span> <span class='ocrx_word' id='word_1_210' title='bbox 975 2877 1141 2942; x_wconf 90' lang='lat' dir='ltr'><strong>semperne</strong></span> 
     </span>
     <span class='ocr_line' id='line_1_27' title="bbox 103 2958 1141 3046; baseline 0.003 -23"><span class='ocrx_word' id='word_1_211' title='bbox 103 2958 232 3025; x_wconf 90' lang='lat' dir='ltr'><strong>eosdem</strong></span> <span class='ocrx_word' id='word_1_212' title='bbox 261 2981 304 3024; x_wconf 90' lang='lat' dir='ltr'><strong>an</strong></span> <span class='ocrx_word' id='word_1_213' title='bbox 334 2960 469 3026; x_wconf 89' lang='lat' dir='ltr'><strong>subinde</strong></span> <span class='ocrx_word' id='word_1_214' title='bbox 498 2961 600 3026; x_wconf 79' lang='lat' dir='ltr'><strong>alios?</strong></span> <span class='ocrx_word' id='word_1_215' title='bbox 634 2967 666 3025; x_wconf 89' lang='lat' dir='ltr'><strong>et</strong></span> <span class='ocrx_word' id='word_1_216' title='bbox 695 2961 868 3027; x_wconf 91' lang='lat' dir='ltr'><strong>honoribus</strong></span> <span class='ocrx_word' id='word_1_217' title='bbox 895 2961 1077 3046; x_wconf 84' lang='lat' dir='ltr'><strong>perfunctos</strong></span> <span class='ocrx_word' id='word_1_218' title='bbox 1098 2983 1141 3027; x_wconf 91' lang='lat' dir='ltr'><strong>an</strong></span> 
     </span>
     <span class='ocr_line' id='line_1_28' title="bbox 103 3062 1140 3150; baseline 0.005 -24"><span class='ocrx_word' id='word_1_219' title='bbox 103 3062 246 3145; x_wconf 90' lang='lat' dir='ltr'><strong>iuvenes,</strong></span> <span class='ocrx_word' id='word_1_220' title='bbox 269 3064 411 3148; x_wconf 90' lang='lat' dir='ltr'><strong>privatos</strong></span> <span class='ocrx_word' id='word_1_221' title='bbox 433 3085 476 3129; x_wconf 88' lang='lat' dir='ltr'><strong>an</strong></span> <span class='ocrx_word' id='word_1_222' title='bbox 499 3086 517 3130; x_wconf 92' lang='lat' dir='ltr'><strong>e</strong></span> <span class='ocrx_word' id='word_1_223' title='bbox 539 3065 799 3148; x_wconf 79' lang='lat' dir='ltr'><strong>magistratibus?</strong></span> <span class='ocrx_word' id='word_1_224' title='bbox 822 3085 918 3147; x_wconf 91' lang='lat' dir='ltr'><strong>quam</strong></span> <span class='ocrx_word' id='word_1_225' title='bbox 941 3063 1058 3130; x_wconf 90' lang='lat' dir='ltr'><strong>deinde</strong></span> <span class='ocrx_word' id='word_1_226' title='bbox 1073 3086 1140 3150; x_wconf 91' lang='lat' dir='ltr'><strong>spe-</strong></span> 
     </span>
     <span class='ocr_line' id='line_1_29' title="bbox 104 3166 1140 3252; baseline 0.005 -22"><span class='ocrx_word' id='word_1_227' title='bbox 104 3166 185 3231; x_wconf 92' lang='lat' dir='ltr'><strong>ciem</strong></span> <span class='ocrx_word' id='word_1_228' title='bbox 214 3166 282 3233; x_wconf 87' lang='lat' dir='ltr'><strong>iore</strong></span> <span class='ocrx_word' id='word_1_229' title='bbox 312 3168 504 3233; x_wconf 89' lang='lat' dir='ltr'><strong>sumentium</strong></span> <span class='ocrx_word' id='word_1_230' title='bbox 534 3169 568 3232; x_wconf 89' lang='lat' dir='ltr'><strong>in</strong></span> <span class='ocrx_word' id='word_1_231' title='bbox 594 3168 703 3239; x_wconf 89' lang='lat' dir='ltr'><strong>limine</strong></span> <span class='ocrx_word' id='word_1_232' title='bbox 733 3168 839 3233; x_wconf 90' lang='lat' dir='ltr'><strong>curiae</strong></span> <span class='ocrx_word' id='word_1_233' title='bbox 868 3168 1013 3252; x_wconf 82' lang='lat' dir='ltr'><strong>gladios?</strong></span> <span class='ocrx_word' id='word_1_234' title='bbox 1037 3190 1140 3251; x_wconf 90' lang='lat' dir='ltr'><strong>neque</strong></span> 
     </span>
     <span class='ocr_line' id='line_1_30' title="bbox 103 3269 1141 3356; baseline 0.004 -22"><span class='ocrx_word' id='word_1_235' title='bbox 103 3269 164 3334; x_wconf 88' lang='lat' dir='ltr'><strong>sibi</strong></span> <span class='ocrx_word' id='word_1_236' title='bbox 186 3271 285 3335; x_wconf 84' lang='lat' dir='ltr'><strong>vitam</strong></span> <span class='ocrx_word' id='word_1_237' title='bbox 307 3273 397 3353; x_wconf 87' lang='lat' dir='ltr'><strong>tanti,</strong></span> <span class='ocrx_word' id='word_1_238' title='bbox 429 3272 456 3337; x_wconf 91' lang='lat' dir='ltr'><strong>si</strong></span> <span class='ocrx_word' id='word_1_239' title='bbox 477 3273 574 3336; x_wconf 87' lang='lat' dir='ltr'><strong>armis</strong></span> <span class='ocrx_word' id='word_1_240' title='bbox 596 3272 735 3356; x_wconf 89' lang='lat' dir='ltr'><strong>tegenda</strong></span> <span class='ocrx_word' id='word_1_241' title='bbox 757 3272 847 3337; x_wconf 84' lang='lat' dir='ltr'><strong>foret.</strong></span> <span class='ocrx_word' id='word_1_242' title='bbox 871 3273 961 3354; x_wconf 90' lang='lat' dir='ltr'><strong>haec,</strong></span> <span class='ocrx_word' id='word_1_243' title='bbox 988 3271 1141 3338; x_wconf 85' lang='lat' dir='ltr'><strong>adversus</strong></span> 
     </span>
     <span class='ocr_line' id='line_1_31' title="bbox 102 3374 1141 3492; baseline 0.001 -53"><span class='ocrx_word' id='word_1_244' title='bbox 102 3374 279 3492; x_wconf 82' lang='lat' dir='ltr'><strong>Togonium</strong></span> <span class='ocrx_word' id='word_1_245' title='bbox 310 3375 416 3441; x_wconf 84' lang='lat' dir='ltr'><strong>verbis</strong></span> <span class='ocrx_word' id='word_1_246' title='bbox 443 3375 620 3456; x_wconf 87' lang='lat' dir='ltr'><strong>moderans,</strong></span> <span class='ocrx_word' id='word_1_247' title='bbox 651 3396 755 3458; x_wconf 90' lang='lat' dir='ltr'><strong>neque</strong></span> <span class='ocrx_word' id='word_1_248' title='bbox 778 3383 812 3440; x_wconf 95' lang='lat' dir='ltr'><strong>ut</strong></span> <span class='ocrx_word' id='word_1_249' title='bbox 834 3377 915 3441; x_wconf 90' lang='lat' dir='ltr'><strong>ultra</strong></span> <span class='ocrx_word' id='word_1_250' title='bbox 937 3376 1141 3441; x_wconf 89' lang='lat' dir='ltr'><strong>abolitionem</strong></span> 
     </span>
     <span class='ocr_line' id='line_1_32' title="bbox 102 3478 1309 3556; baseline 0.001 -12"><span class='ocrx_word' id='word_1_251' title='bbox 102 3485 173 3544; x_wconf 90' lang='lat' dir='ltr'><strong>sent</strong></span> <span class='ocrx_word' id='word_1_252' title='bbox 174 3485 228 3544; x_wconf 91' lang='lat' dir='ltr'><strong>ent</strong></span> <span class='ocrx_word' id='word_1_253' title='bbox 230 3478 280 3544; x_wconf 92' lang='lat' dir='ltr'><strong>iae</strong></span> <span class='ocrx_word' id='word_1_254' title='bbox 303 3478 719 3544; x_wconf 87' lang='lat' dir='ltr'><strong>suaderet.</strong></span> <span class='ocrx_word' id='word_1_255' title='bbox 1166 3510 1240 3555; x_wconf 47' lang='lat' dir='ltr'><strong>aar„</strong></span> <span class='ocrx_word' id='word_1_256' title='bbox 1255 3511 1309 3556; x_wconf 61' lang='lat' dir='ltr'><strong>mm</strong></span> 
     </span>
     <span class='ocr_line' id='line_1_33' title="bbox 190 3579 1310 3693; baseline 0.003 -47"><span class='ocrx_word' id='word_1_257' title='bbox 190 3583 219 3648; x_wconf 83' lang='lat'><strong>3.</strong></span> <span class='ocrx_word' id='word_1_258' title='bbox 250 3584 292 3648; x_wconf 84' lang='lat' dir='ltr'><strong>At</strong></span> <span class='ocrx_word' id='word_1_259' title='bbox 323 3584 449 3648; x_wconf 92' lang='lat' dir='ltr'><strong>Iunium</strong></span> <span class='ocrx_word' id='word_1_260' title='bbox 480 3583 668 3663; x_wconf 85' lang='lat' dir='ltr'><strong>Gallionem,</strong></span> <span class='ocrx_word' id='word_1_261' title='bbox 700 3583 754 3666; x_wconf 94' lang='lat' dir='ltr'><strong>qui</strong></span> <span class='ocrx_word' id='word_1_262' title='bbox 783 3589 959 3662; x_wconf 89' lang='lat' dir='ltr'><strong>censuerat,</strong></span> <span class='ocrx_word' id='word_1_263' title='bbox 990 3590 1024 3647; x_wconf 95' lang='lat' dir='ltr'><strong>ut</strong></span> <span class='ocrx_word' id='word_1_264' title='bbox 1054 3603 1141 3666; x_wconf 89' lang='lat' dir='ltr'><strong>prae·</strong></span> <span class='ocrx_word' id='word_1_265' title='bbox 1165 3587 1237 3693; x_wconf 43' lang='lat'><strong>¹¹³3&amp;</strong></span> <span class='ocrx_word' id='word_1_266' title='bbox 1251 3579 1310 3692; x_wconf 50' lang='grc' dir='ltr'><strong>*ξω</strong></span> 
     </span>
     <span class='ocr_line' id='line_1_34' title="bbox 103 3650 1304 3831; baseline 0 -81"><span class='ocrx_word' id='word_1_267' title='bbox 103 3687 218 3751; x_wconf 91' lang='lat' dir='ltr'><strong>toriani</strong></span> <span class='ocrx_word' id='word_1_268' title='bbox 240 3687 320 3752; x_wconf 88' lang='lat' dir='ltr'><strong>actis</strong></span> <span class='ocrx_word' id='word_1_269' title='bbox 343 3687 540 3772; x_wconf 89' lang='lat' dir='ltr'><strong>stipendiis</strong></span> <span class='ocrx_word' id='word_1_270' title='bbox 531 3708 581 3752; x_wconf 90' lang='lat' dir='ltr'><strong>rus</strong></span> <span class='ocrx_word' id='word_1_271' title='bbox 603 3687 820 3771; x_wconf 90' lang='lat' dir='ltr'><strong>apiscerentur</strong></span> <span class='ocrx_word' id='word_1_272' title='bbox 841 3687 874 3750; x_wconf 94' lang='lat' dir='ltr'><strong>in</strong></span> <span class='ocrx_word' id='word_1_273' title='bbox 890 3686 1140 3768; x_wconf 87' lang='lat' dir='ltr'><strong>quattuordecim</strong></span> <span class='ocrx_word' id='word_1_274' title='bbox 1168 3650 1304 3831; x_wconf 51' lang='grc' dir='ltr'><strong>μᾏῖἕὲἧω</strong></span> 
     </span>
     <span class='ocr_line' id='line_1_35' title="bbox 103 3789 1187 3906; baseline -0.001 -51"><span class='ocrx_word' id='word_1_275' title='bbox 103 3790 266 3856; x_wconf 88' lang='lat' dir='ltr'><strong>ordinibus</strong></span> <span class='ocrx_word' id='word_1_276' title='bbox 288 3790 431 3872; x_wconf 90' lang='lat' dir='ltr'><strong>sedendi,</strong></span> <span class='ocrx_word' id='word_1_277' title='bbox 460 3791 578 3856; x_wconf 91' lang='lat' dir='ltr'><strong>violent</strong></span> <span class='ocrx_word' id='word_1_278' title='bbox 566 3798 613 3855; x_wconf 92' lang='lat' dir='ltr'><strong>ter</strong></span> <span class='ocrx_word' id='word_1_279' title='bbox 635 3790 801 3874; x_wconf 89' lang='lat' dir='ltr'><strong>increpuit,</strong></span> <span class='ocrx_word' id='word_1_280' title='bbox 825 3791 912 3855; x_wconf 85' lang='lat' dir='ltr'><strong>velut</strong></span> <span class='ocrx_word' id='word_1_281' title='bbox 935 3809 1041 3855; x_wconf 88' lang='lat' dir='ltr'><strong>eoram</strong></span> <span class='ocrx_word' id='word_1_282' title='bbox 1062 3789 1187 3906; x_wconf 90' lang='lat' dir='ltr'><strong>rogi·</strong></span> 
     </span>
    </p>
   </div>
   <div class='ocr_carea' id='block_1_3' title="bbox 1092 3853 1317 3906">
    <p class='ocr_par' dir='ltr' id='par_1_3' title="bbox 1092 3853 1317 3906">
     <span class='ocr_line' id='line_1_36' title="bbox 1092 3853 1317 3906; baseline -0.018 -8"><span class='ocrx_word' id='word_1_283' title='bbox 1092 3893 1100 3906; x_wconf 74' lang='grc'>,</span> <span class='ocrx_word' id='word_1_284' title='bbox 1165 3853 1217 3906; x_wconf 49' lang='grc' dir='ltr'><strong>ιιι</strong></span> <span class='ocrx_word' id='word_1_285' title='bbox 1212 3855 1264 3896; x_wconf 89' lang='grc' dir='ltr'>ιιιι</span> <span class='ocrx_word' id='word_1_286' title='bbox 1259 3864 1317 3894; x_wconf 76' lang='grc' dir='ltr'>ιιιι</span> 
     </span>
    </p>
   </div>
   <div class='ocr_carea' id='block_1_4' title="bbox 104 3893 1318 3981">
    <p class='ocr_par' dir='ltr' id='par_1_4' title="bbox 104 3893 1318 3981">
     <span class='ocr_line' id='line_1_37' title="bbox 104 3893 1318 3981; baseline -0.003 -23"><span class='ocrx_word' id='word_1_287' title='bbox 104 3899 187 3977; x_wconf 83' lang='lat' dir='ltr'><strong>tans,</strong></span> <span class='ocrx_word' id='word_1_288' title='bbox 210 3893 287 3976; x_wconf 90' lang='lat' dir='ltr'><strong>quid</strong></span> <span class='ocrx_word' id='word_1_289' title='bbox 310 3895 355 3959; x_wconf 93' lang='lat' dir='ltr'><strong>illi</strong></span> <span class='ocrx_word' id='word_1_290' title='bbox 377 3915 449 3960; x_wconf 86' lang='lat' dir='ltr'><strong>oum</strong></span> <span class='ocrx_word' id='word_1_291' title='bbox 472 3895 635 3979; x_wconf 91' lang='lat' dir='ltr'><strong>militibus,</strong></span> <span class='ocrx_word' id='word_1_292' title='bbox 667 3913 747 3981; x_wconf 91' lang='lat' dir='ltr'><strong>quos</strong></span> <span class='ocrx_word' id='word_1_293' title='bbox 767 3913 878 3980; x_wconf 87' lang='lat' dir='ltr'><strong>neque</strong></span> <span class='ocrx_word' id='word_1_294' title='bbox 900 3893 1036 3959; x_wconf 72' lang='lat' dir='ltr'><strong>dicta</strong></span> <span class='ocrx_word' id='word_1_295' title='bbox 1008 3893 1082 3957; x_wconf 71' lang='lat' dir='ltr'><strong>ms&#39;r</strong></span> <span class='ocrx_word' id='word_1_296' title='bbox 1095 3912 1158 3954; x_wconf 78' lang='grc' dir='ltr'>ιιι-</span> <span class='ocrx_word' id='word_1_297' title='bbox 1207 3915 1318 3965; x_wconf 53' lang='lat' dir='ltr'><strong>aare</strong></span> 
     </span>
    </p>
   </div>
   <div class='ocr_carea' id='block_1_5' title="bbox 0 0 1384 4214">
    <p class='ocr_par' dir='ltr' id='par_1_5' title="bbox 0 0 1384 4214">
     <span class='ocr_line' id='line_1_38' title="bbox 0 0 1384 4214; baseline 0 1"><span class='ocrx_word' id='word_1_298' title='bbox 0 0 1384 4214; x_wconf 95' lang='lat' dir='ltr'><strong> </strong></span> 
     </span>
    </p>
   </div>
  </div>
 </body>
</html>
