2760 4214
506 188 530 226 a.
544 172 577 228 U.
590 187 614 226 c.
629 175 687 228 772.
715 189 741 240 p.
755 171 818 227 Chr.
833 175 873 228 19.
1166 155 1208 220 75

166 352 292 412 veteres
304 346 367 411 illic
379 346 554 412 Sueborum
569 345 709 430 praedae
726 352 757 411 et
771 346 887 411 nostris
903 365 921 410 e
935 345 1108 431 provinciis
1123 345 1208 410 lixae

165 470 204 515 ac
227 449 442 534 negotiatores
464 450 591 534 reperti,
615 470 694 533 quos
716 450 766 514 ius
789 449 979 531 commercii,
1003 448 1078 514 dein
1094 447 1208 533 cupido

164 552 307 638 augendi
329 553 508 638 pecuniam,
531 559 726 636 postremum
746 554 862 619 oblivio
883 554 1006 638 patriae
1022 553 1087 619 suis
1103 572 1208 635 quem-

164 678 228 740 que
250 658 292 721 ab
315 657 444 723 sedibus
467 657 614 722 hostilem
638 657 671 721 in
694 679 805 742 agrum
828 659 1040 723 transtulerat.

254 761 304 826 63.
328 760 521 827 Maroboduo
544 761 686 844 undique
710 761 835 827 deserto
850 783 912 827 non
929 760 1016 827 aliud
1033 761 1207 827 subsidium
1249 759 1309 872 “fbf
1323 760 1361 811 ⁰¹¹¹

166 885 261 947 quam
284 864 499 931 misericordia
514 866 660 932 Caesaris
683 866 752 930 fuit.
783 873 1000 950 transgressus
1014 865 1207 950 Danuvium,
1235 830 1369 943 &iffi

165 989 229 1051 qua
251 969 400 1034 Noricam
430 969 627 1054 provinciam
658 969 815 1055 praefluit,
847 971 972 1054 scripsit
995 971 1122 1035 Tiberio
1145 990 1208 1034 non
1244 966 1307 1019 aare,
1322 966 1363 1080 ‘A‘

164 1078 200 1138 ut
222 1073 374 1157 profugus
390 1079 446 1137 aut
461 1073 607 1157 supplex,
624 1073 681 1139 sed
697 1094 739 1138 ex
754 1075 905 1138 memoria
920 1074 1033 1158 prioris
1049 1073 1207 1139 fortunae:
1240 1037 1332 1158 ἓῗῇἕ,
1341 1046 1368 1149 ¹1¹,

165 1197 240 1242 nam
272 1177 378 1242 multis
408 1177 590 1244 nationibus
619 1177 828 1242 clarissimum
851 1177 1012 1259 quondam
1035 1197 1144 1262 regem
1166 1176 1208 1242 ad
1236 1175 1375 1287 occeptum

165 1299 200 1346 se
215 1280 404 1346 vocantibus
418 1282 595 1345 Romanam
611 1280 784 1345 amicitiam
799 1281 996 1365 praetulisse.
1020 1301 1207 1366 responsum
1249 1243 1302 1297 Νη
1314 1247 1356 1288 “¹¹⁶

164 1405 185 1449 a
208 1386 345 1449 Caesare
368 1390 469 1448 tutam
493 1385 523 1449 ei
545 1384 794 1468 honoratamque
821 1385 930 1450 sedem
957 1385 991 1449 in
1013 1385 1108 1449 Italia
1130 1384 1207 1465 fore,

164 1488 192 1553 si
224 1494 383 1572 maneret;
415 1489 464 1554 sin
491 1490 587 1554 rebus
617 1489 684 1554 eius
707 1488 795 1554 aliud
818 1488 1017 1569 conduceret,
1048 1489 1206 1553 abiturum

165 1591 229 1657 fide
253 1612 316 1674 qua
338 1592 488 1657 venisset.
528 1599 667 1658 ceterum
691 1593 778 1678 apud
800 1600 947 1659 senatum
970 1592 1120 1658 disseruit
1143 1612 1207 1655 non

164 1695 348 1780 Philippum
377 1695 637 1777 Atheniensibus,
673 1717 736 1762 non
767 1698 902 1780 Pyrrum
932 1703 987 1761 aut
1016 1695 1207 1761 Antiochum

164 1800 282 1884 populo
304 1801 448 1866 Romano
470 1800 604 1885 perinde
627 1800 814 1866 metuendos
837 1801 945 1867 fuisse.
985 1807 1074 1865 extat
1096 1799 1206 1880 oratio,

165 1923 229 1985 qua
255 1903 507 1987 magnitudinem
535 1905 604 1985 viri,
637 1904 821 1969 violentiam
845 1905 1058 1970 subiectarum
1081 1904 1110 1968 ei
1132 1923 1207 1988 gen-

164 2006 244 2071 tium
271 2013 302 2072 et
329 2027 423 2089 quam
452 2009 650 2092 propinquus
673 2009 785 2073 ltaliae
815 2008 925 2090 hostis,
957 2028 1077 2090 suaque
1100 2008 1133 2071 in
1156 2007 1208 2070 de-

166 2110 317 2176 struendo
341 2132 378 2177 eo
401 2112 534 2177 consilia
556 2112 679 2177 extulit.
715 2118 747 2178 et
768 2112 982 2178 Maroboduus
1006 2110 1134 2194 quidem
1149 2113 1208 2175 Ra-

165 2234 292 2281 uennae
314 2215 452 2297 habitus,
476 2215 502 2280 si
519 2216 646 2297 quando
662 2217 888 2282 insolescerent
903 2217 1011 2298 Suebi,
1035 2217 1126 2298 quasi
1141 2214 1208 2280 red-

166 2319 266 2383 iturus
296 2319 330 2383 in
361 2339 494 2403 regnum
525 2323 756 2405 ostentabatur;
788 2320 845 2386 sed
868 2341 931 2385 non
955 2321 1094 2386 excessit
1116 2320 1209 2384 ltalia

166 2442 225 2507 per
254 2421 474 2507 duodeviginti
504 2444 606 2489 annos
634 2424 863 2506 consenuitque
885 2425 1019 2488 multum
1042 2424 1209 2488 imminuta

166 2526 309 2591 claritate
332 2528 371 2591 ob
395 2527 527 2591 nimiam
550 2526 681 2593 vivendi
705 2528 896 2613 cupidinem.
927 2528 1011 2593 idem
1035 2526 1209 2593 Catualdae

167 2650 260 2695 casus
286 2650 390 2712 neque
416 2631 505 2696 aliud
526 2631 716 2717 perfugium.
755 2633 864 2716 pulsus
893 2630 980 2695 baud
1010 2632 1108 2695 multo
1138 2638 1209 2715 post

166 2734 460 2799 Hermundurorum
472 2736 586 2819 opibus
598 2743 629 2801 et
638 2736 755 2801 Vibilio
768 2735 848 2801 duce
860 2743 1079 2820 receptusque,
1092 2736 1208 2799 Forum

165 2838 292 2918 Iulium,
317 2839 534 2904 Narbonensis
558 2839 681 2905 Calliae
704 2840 869 2921 coloniam,
892 2840 1036 2904 mittitur.
1081 2838 1208 2903 barbari

166 2948 334 3024 utrumque
366 2943 517 3024 comitati,
550 2963 592 3007 ne
624 2944 747 3026 quietas
774 2944 955 3029 provincias
982 2943 1121 3007 immixti
1148 2948 1209 3007 tur-

165 3047 290 3126 barent,
313 3046 496 3111 Danuvium
523 3047 607 3112 ultra
632 3047 715 3112 inter
736 3047 869 3112 flumina
889 3048 1012 3112 Marum
1036 3053 1068 3112 et
1091 3049 1208 3112 Cusum

165 3150 321 3231 locantur,
345 3148 418 3215 dato
441 3171 517 3234 rege
529 3151 654 3215 Vannio
676 3151 783 3236 gentis
807 3150 997 3227 Quadorum.

255 3252 306 3318 64,
331 3253 431 3320 Simul
453 3254 597 3320 nuntiato
620 3275 729 3338 regem
744 3255 901 3319 Artaxian
916 3254 1076 3319 Armeniis
1098 3252 1238 3362 aGer-h
1263 3248 1344 3363 ΞΜ·

167 3357 292 3422 manico
322 3357 441 3438 datum,
473 3356 643 3424 decrevere
673 3365 780 3442 patres
811 3365 847 3424 ut
874 3358 1081 3423 Germanicus
1111 3363 1208 3439 atque
1235 3328 1271 3440 dh
1285 3328 1372 3442 “pm

166 3461 290 3526 Drusus
313 3468 446 3527 ovantes
468 3463 578 3527 urbem
601 3461 774 3528 introirent.
806 3463 916 3529 structi
936 3468 968 3526 et
983 3481 1075 3526 arcum
1091 3460 1209 3526 circum
1228 3528 1248 3572 Θ
1285 3460 1334 3572 “¹¹³1
1361 3530 1374 3572 a

167 3564 268 3628 latera
297 3565 407 3650 templi
433 3565 544 3630 Martis
567 3566 685 3632 Ultoris
709 3587 780 3631 cum
804 3566 912 3650 effigie
936 3567 1118 3646 Caesarum,
1149 3565 1210 3629 lae-
1251 3537 1360 3667 “Qum

167 3669 247 3734 tiore
269 3668 407 3753 Tiberio,
432 3670 506 3751 quia
528 3690 641 3753 pacem
665 3671 823 3755 sapientia
844 3669 1036 3751 firmaverat,
1065 3690 1160 3752 quam
1183 3669 1375 3736 sititianum

167 3772 286 3838 bellum
309 3793 366 3856 per
387 3773 474 3839 acies
497 3773 695 3840 confecisset.
720 3775 816 3858 igitur
830 3773 1059 3858 Rhescuporim
1075 3792 1210 3856 quoque,

166 3875 342 3941 Thraeciae
365 3895 483 3961 regem,
507 3883 579 3943 astu
593 3877 789 3964 adgreditur.
821 3897 950 3945 omnem
964 3898 1039 3944 earn
1050 3876 1222 3942 naticnem
