2760 4214
197 153 239 217 76
442 167 489 222 Ab
508 182 626 221 excessu
642 166 676 221 D.
690 166 817 236 Augusti
835 165 864 219 11
883 168 994 221 64-68.

197 342 439 408 Rhoemetalces
469 346 630 424 tenuerat3
662 361 725 422 quo
756 339 908 405 defuncto
930 339 1094 422 Augustus
1116 347 1241 424 partem

198 446 375 511 Thraecum
406 444 636 528 Rhescuporidi
666 445 756 509 fratri
787 445 864 525 eius,
899 449 1022 527 partem
1052 442 1116 508 filio
1146 445 1242 528 Cotyi

197 550 349 635 permisit.
373 550 405 613 in
429 569 469 614 ea
491 547 649 613 divisione
670 568 749 613 arva
772 555 804 612 et
826 549 922 613 urbes
942 553 974 612 et
989 547 1241 614 ricinaGraecis

201 655 304 738 Cotyi,
328 652 413 736 quod
436 653 598 733 incultum,
622 651 722 733 ferox,
746 650 908 717 adnexum
923 650 1077 732 hostibus,
1100 650 1240 717 Rhescu-

198 757 300 842 poridi
331 757 439 841 cessit;
474 756 676 840 ipsorumque
706 776 817 840 regum
851 755 991 838 ingenia,
1025 755 1071 818 illi
1100 755 1177 820 mite
1209 761 1241 821 et

197 882 376 941 amoenum,
400 860 474 925 huic
493 866 595 941 atrox,
618 859 748 925 aridum
763 866 795 924 et
810 859 970 925 societatis
984 859 1145 943 inpatiens
1161 867 1238 925 erat.

198 964 256 1031 sed
285 965 387 1048 primo
418 963 550 1030 subdola
581 963 749 1029 concordia
779 983 888 1047 egere:
922 983 996 1028 mox
1026 963 1241 1049 Rhescuporis

200 1068 309 1152 egredi
338 1067 429 1149 fines,
460 1074 585 1133 vertere
607 1069 640 1133 in
663 1087 698 1132 se
723 1067 816 1150 Cotyi
838 1067 915 1131 data
937 1074 969 1131 ct
990 1067 1151 1132 resistenti
1173 1068 1241 1132 vim

199 1173 314 1254 facere,
345 1179 532 1237 cunctanter
554 1174 613 1237 sub
636 1172 790 1256 Augusto,
821 1190 916 1253 quem
941 1178 1102 1236 auctorem
1128 1171 1241 1237 utrius-

201 1296 261 1360 que
283 1277 384 1360 regni,
408 1277 435 1342 si
457 1283 667 1361 sperneretur,
691 1274 851 1341 vindicem
874 1276 1045 1340 metuebat.
1078 1275 1242 1341 enimvero

199 1380 309 1445 audita
330 1381 506 1446 mutatione
528 1380 681 1464 principis
703 1379 863 1444 inmittere
877 1379 1035 1443 latronum
1049 1378 1171 1462 globos,
1187 1398 1241 1443 ex-

200 1484 327 1550 cindere
350 1484 489 1564 castella,
514 1503 626 1549 causas
647 1483 740 1548 hello.

32 1584 182 1701 wlff
287 1589 338 1653 65.
361 1587 450 1652 Nihil
479 1607 582 1669 aeque
608 1587 770 1652 Tiberium
800 1586 932 1650 anxium
962 1585 1111 1666 habebat,
1144 1605 1241 1668 quam

70 1726 138 1779 aa„
200 1714 242 1759 ne
265 1693 429 1777 conposita
451 1692 662 1756 turbarentur.
700 1689 813 1774 deligit
836 1690 1062 1771 centurionem,
1087 1690 1140 1771 qui
1162 1710 1241 1754 nun-

28 1795 183 1910 usdcddd‘du
200 1798 294 1862 tiaret
316 1797 444 1880 regibus
466 1815 507 1859 ne
530 1795 626 1860 armis
648 1794 876 1879 disceptarent;
904 1793 1074 1876 statimque
1095 1814 1116 1858 a
1139 1793 1240 1876 Cotye

26 1933 132 1979 mu,
145 1943 182 1987 rut
200 1901 332 1966 dimissa
359 1906 433 1965 sunt
459 1919 541 1981 quae
562 1904 732 1982 paraverat
753 1898 884 1962 auxilia.
923 1896 1136 1981 Rhescuporis
1165 1896 1241 1961 ficta

31 2003 176 2056 ”timim
200 2003 355 2069 modestia
385 2003 524 2086 postulat
554 2001 691 2066 eundem
712 2001 745 2065 in
768 2002 873 2066 locum
896 2001 1044 2066 coiretur:
1074 2019 1169 2083 posse
1199 1999 1240 2064 de

57 2082 155 2127 “mm
200 2107 421 2172 controversiis
449 2106 614 2188 conloquio
641 2105 784 2188 transigi.
823 2124 883 2171 nec
910 2104 964 2169 diu
994 2104 1173 2169 dubitatum
1199 2103 1241 2169 de

199 2217 351 2295 tempore,
382 2210 459 2292 loco,
492 2209 567 2275 dein
590 2209 840 2291 condicionibus,
872 2229 943 2273 cum
974 2208 1055 2273 alter
1076 2207 1239 2289 facilitate,

198 2315 279 2379 alter
301 2313 413 2379 fraude
441 2321 556 2379 cuncta
582 2314 665 2380 inter
691 2333 726 2378 se
753 2312 964 2378 concederent
985 2312 1238 2396 acciperentque.

198 2418 412 2503 Rhescuporis
435 2417 617 2498 sanciendo,
645 2423 680 2482 ut
703 2417 878 2498 dictitabat,
906 2415 1027 2481 foederi
1058 2414 1240 2480 convivium

199 2522 306 2604 adicit,
338 2528 503 2604 tractaque
532 2523 565 2586 in
595 2522 727 2586 multam
754 2527 880 2586 noctem
907 2519 1029 2584 laetitia
1050 2539 1108 2605 per
1130 2519 1241 2604 epulas

198 2648 236 2693 ac
258 2627 465 2692 vinolentiam
488 2627 649 2690 incautum
674 2625 779 2708 Cotyn
802 2631 843 2705 et,
875 2631 1042 2709 postquam
1066 2623 1174 2688 dolum
1194 2623 1241 2687 in·

198 2733 376 2812 tellexerat,
407 2750 498 2795 sacra
520 2729 621 2812 regni,
653 2727 796 2794 eiusdem
818 2728 960 2793 familiae
983 2727 1060 2793 deos
1083 2733 1115 2791 ct
1137 2726 1241 2810 hospi-

199 2835 271 2900 talis
301 2853 428 2899 mensas
458 2834 670 2898 obtestantem
702 2833 823 2898 catenis
857 2838 976 2897 onerat.
1021 2829 1241 2912 Thraeciaque

199 2938 285 3002 omni
307 2937 425 3021 potitus
448 2935 573 3021 scripsit
594 2936 636 3000 ad
659 2936 820 3002 Tiberium
849 2941 984 3001 structas
1011 2934 1072 3000 sibi
1097 2932 1240 3015 insidias,

199 3047 407 3126 praeventum
444 3040 674 3124 insidiatorem;
713 3041 806 3105 simul
839 3040 958 3106 bellum
995 3038 1148 3104 adversus
1181 3038 1241 3102 Ba·

200 3152 324 3210 starnas
340 3144 540 3228 Scythasque
556 3143 769 3229 praetendens
784 3144 878 3208 novis
894 3142 1038 3227 peditum
1053 3148 1085 3206 et
1099 3141 1241 3223 equitum

200 3249 299 3333 copiis
314 3268 384 3314 sese
398 3248 553 3313 firmabat.
585 3248 719 3313 molliter
734 3248 932 3331 rescriptum,
955 3247 983 3312 si
999 3246 1087 3311 fraus
1101 3246 1239 3329 abesset,

199 3373 292 3438 posse
323 3373 395 3418 eum
422 3352 623 3417 innocentiae
644 3350 757 3435 fidere,
786 3358 925 3416 ceterum
952 3369 1056 3433 neque
1079 3367 1241 3431 seneque

200 3465 345 3524 senatum
367 3458 430 3523 nisi
458 3457 586 3540 cognita
616 3476 712 3522 causa
739 3456 788 3521 ius
812 3462 844 3520 et
866 3455 1013 3519 iniuriam
1036 3453 1240 3519 discreturos:

199 3560 332 3646 proinde
368 3560 483 3625 tradito
515 3561 617 3643 Cotye
646 3559 770 3625 veniret
805 3557 1052 3640 transferretque
1086 3555 1240 3621 invidiam

200 3664 349 3730 criminis.

33 3763 174 3810 mmm
286 3767 338 3833 66.
361 3769 425 3833 Eas
447 3767 569 3833 litteras
588 3767 733 3832 Latinius
747 3765 898 3831 Pandusa
919 3786 975 3850 pro
998 3771 1142 3850 praetore
1158 3765 1241 3829 Moe·

66 3834 143 3889 cmm
200 3873 266 3938 siae
290 3893 362 3937 cum
385 3871 546 3953 militibus,
571 3871 641 3954 quis
665 3871 764 3954 Cotys
786 3869 972 3952 traderetur,
995 3869 1029 3934 in
1052 3867 1239 3932 Thraeciam
