2760 4214
452 164 476 202 a.
490 148 522 203 U.
537 165 559 202 o.
573 151 631 204 773.
657 165 683 217 p.
696 148 758 203 cnr.
771 151 813 204 ao.
1110 133 1151 198 95

112 324 277 388 absolutae
292 323 464 387 Plancinae
480 322 671 407 placabilior.
703 329 799 405 atque
814 323 908 405 idem,
926 343 998 388 cum
1005 324 1151 389 Valerius

113 428 302 493 Messalinus
324 427 451 511 signum
473 447 604 492 aureum
626 427 660 491 in
682 426 762 492 aede
783 427 894 492 Martis
917 428 1044 511 Ultoris,
1078 427 1152 492 Cae-

114 532 186 595 cina
209 532 345 597 Severus
367 552 455 596 aram
478 530 607 596 ultionis
629 530 831 596 statuendam
854 531 1059 612 censuissent,
1084 551 1152 615 pro·

114 634 225 716 hibuit,
249 637 288 700 oh
313 641 462 700 externas
485 655 523 699 ea
545 635 695 701 victorias
718 636 836 700 sacrari
858 634 1018 716 dictitans,
1048 634 1152 702 dome·
1228 621 1230 627 ¹

115 740 195 804 stica
221 739 305 803 mala
333 739 459 803 tristitia
482 737 664 822 operienda.
702 737 868 804 addiderat
891 739 1080 804 Messalinus
1102 739 1151 803 Ti-

113 843 200 908 berio
228 850 260 907 et
281 844 446 926 Augustae
474 849 505 907 et
527 843 685 907 Antoniae
712 850 743 907 et
765 843 962 927 Agrippinae
984 844 1151 924 Drusoque

115 947 155 1013 ob
193 945 368 1012 vindictam
401 946 582 1012 Germanici
620 953 728 1030 grates
761 946 904 1030 agendas
941 947 1151 1029 omiseratque

114 1050 239 1117 Claudii
260 1051 463 1116 mentionem.
503 1057 535 1114 et
556 1051 760 1116 Messalinum
783 1049 912 1132 quidem
933 1053 969 1115 L.
990 1051 1152 1135 Asprenas

114 1162 226 1219 senatu
257 1174 362 1219 coram
391 1160 594 1239 percontatus
624 1161 672 1219 est
698 1175 740 1218 an
767 1154 907 1238 prudens
933 1155 1150 1239 praeterisset;

112 1278 151 1323 ae
181 1264 248 1324 tum
278 1257 406 1323 demum
435 1278 551 1323 nomen
581 1257 706 1324 Claudii
735 1256 930 1342 adscriptum
961 1265 1017 1323 est.
1063 1258 1151 1339 mihi,

114 1369 231 1444 quanto
254 1362 345 1446 plura
364 1363 537 1427 recentium
553 1382 609 1427 seu
624 1369 768 1427 veterum
783 1362 921 1444 revolvo,
945 1368 1032 1428 tanto
1049 1362 1151 1446 magis

113 1465 249 1531 ludibria
271 1486 376 1531 rerum
398 1467 577 1531 mortalium
597 1467 718 1532 cunetis
733 1466 767 1530 in
782 1466 917 1550 negotiis
932 1464 1150 1532 obversantur.

116 1570 233 1655 quippe
255 1569 343 1634 fama
365 1590 421 1654 spe
443 1571 648 1636 veneratione
664 1570 768 1654 potius
783 1590 893 1635 omnes
909 1568 1152 1636 destinabantur

113 1673 244 1757 imperio
275 1695 369 1756 quam
400 1694 493 1756 quem
524 1673 663 1739 futurum
693 1673 870 1758 principem
896 1673 1024 1740 fortuna
1045 1673 1079 1739 in
1103 1693 1151 1740 oc-

112 1779 195 1843 culto
218 1778 356 1842 tenebat.
595 1842 598 1850 ,

202 1879 250 1944 19.
276 1882 389 1947 Paucis
415 1888 487 1965 post
514 1880 627 1946 diebus
650 1882 768 1947 Caesar
798 1887 907 1946 auctor
937 1882 1062 1947 senatui
1091 1881 1151 1948 suit
1170 1875 1311 1990 fifflgffffss

112 1983 240 2048 Vitellio
269 1991 366 2065 atque
382 1985 519 2051 Veranio
547 1991 579 2049 et
601 1984 740 2050 Servaeo
770 1983 948 2050 sacerdotia
966 1986 1149 2052 tribuendi:
1184 1955 1245 1989 Μ
1280 1954 1324 1998 Μ’

112 2087 256 2152 Fulcinio
280 2088 465 2172 suffragium
486 2086 529 2152 ad
552 2087 687 2154 honores
709 2089 867 2173 pollicitus
889 2090 1020 2171 monuit,
1043 2110 1085 2155 ne
1107 2089 1151 2155 ta-

112 2190 260 2256 cundiam
287 2191 438 2256 violentia
464 2192 696 2276 praecipitaret.
735 2192 764 2258 is
790 2191 863 2258 finis
885 2193 947 2258 fuit
967 2192 1151 2259 ulciscenda

113 2293 293 2359 Germanici
308 2301 417 2379 morte,
441 2316 505 2361 non
528 2295 622 2361 modo
644 2295 731 2380 apud
750 2296 819 2362 illos
834 2295 989 2378 homines,
1013 2297 1150 2380 quitum

113 2399 262 2482 agebant,
287 2399 382 2463 etiam
405 2399 523 2464 secutis
546 2399 742 2483 temporibus
763 2400 852 2466 vario
874 2421 999 2466 rumore
1021 2401 1148 2466 iactata.

112 2500 193 2567 adeo
216 2503 356 2566 maxima
378 2522 523 2586 quaeque
545 2503 698 2586 ambigua
719 2510 802 2584 sunt,
834 2503 910 2568 dum
940 2504 994 2567 alii
1024 2524 1149 2586 quoquo

110 2604 203 2670 modo
218 2605 328 2670 audita
342 2627 399 2690 pro
416 2607 574 2691 conpertis
595 2606 724 2688 habent,
748 2607 802 2671 alii
817 2627 894 2672 vera
908 2607 942 2671 in
958 2608 1149 2673 contrarium

112 2715 247 2791 vertunt,
272 2716 303 2773 et
325 2710 431 2794 gliscit
452 2717 619 2792 utrumque
640 2710 835 2794 posteritate.

196 2813 238 2876 At
259 2814 382 2878 Drusus
403 2813 482 2878 urbe
505 2833 651 2898 egressus
672 2814 855 2898 repetendis
881 2815 1041 2899 auspiciis,
1073 2836 1148 2880 mox
1176 2808 1293 2923 ,ἵζω

109 2936 210 2982 ovans
232 2916 361 2983 introiit.
399 2937 579 3001 paucosque
602 2925 674 3002 post
696 2916 765 2982 dies
781 2918 935 3002 Vipsania
957 2926 1058 2983 mater
1080 2919 1148 2984 cius
1187 2886 1232 2992 dns
1246 2877 1312 2992 ppo

112 3020 260 3102 excessit,
291 3041 356 3085 una
385 3021 525 3086 omnium
554 3022 717 3106 Agrippae
747 3021 916 3088 liberorum
946 3023 1016 3087 miti
1044 3023 1146 3089 obitu:
1166 3016 1320 3071 scrutata.

111 3144 185 3188 nam
215 3132 337 3190 ceteros
367 3123 571 3190 manifestum
594 3124 677 3191 terro
699 3126 752 3190 vel
774 3124 928 3191 creditum
952 3133 1001 3192 est
1022 3146 1146 3193 veneno

110 3234 164 3292 aut
186 3227 272 3292 fame
295 3229 462 3295 extinctos.

195 3331 247 3395 20.
275 3332 395 3396 Eodem
425 3353 509 3398 anno
538 3331 735 3413 Tacfarinas,
766 3352 860 3414 quem
890 3333 994 3416 priore
1025 3338 1147 3398 aestate
1188 3326 1294 3373 mmm

110 3434 234 3517 pulsum
261 3456 280 3499 a
304 3436 434 3501 Camillo
462 3437 645 3517 memoravi,
677 3436 795 3502 bellum
817 3435 851 3500 in
872 3435 982 3501 Africa
1003 3443 1145 3519 renovat,
1182 3397 1301 3518 phisica,

110 3539 200 3621 vagis
223 3540 359 3623 primum
386 3539 644 3624 populationibus
667 3546 698 3604 et
720 3540 761 3606 ob
783 3540 1003 3625 pernicitatem
1026 3541 1145 3623 inultis,
1177 3553 1307 3607 sotatur

108 3641 182 3706 dein
205 3643 294 3709 vicos
316 3643 497 3727 excindere,
521 3644 646 3710 trahere
668 3663 783 3729 graves
805 3643 955 3728 praedas,
987 3650 1146 3729 postremo
1165 3625 1202 3670 Μ
1219 3622 1320 3669 ΜΝ·

108 3745 193 3810 haud
215 3748 324 3831 procul
342 3748 477 3832 Pagyda
500 3748 629 3814 flumine
652 3747 812 3814 eohortem
826 3749 1003 3814 Romanam
1019 3748 1146 3813 eircum-

108 3850 199 3915 sedit.
230 3858 376 3934 praeerat
398 3853 527 3919 castello
543 3853 677 3918 Decrius
699 3853 835 3940 impiger
856 3871 973 3934 manu,
991 3853 1164 3917 exeremus
