2760 4214
292 146 353 211 120
521 161 570 216 Ab
590 176 706 217 excessu
724 163 758 215 D.
771 162 897 232 Augusti
916 163 958 217 III
978 166 1090 219 69-73,

290 337 447 418 constitui,
479 336 553 419 quia
583 336 688 401 futura
718 337 750 400 in
782 336 901 402 incerto
932 338 1003 402 sint.
1043 337 1131 402 sica
1158 337 1330 403 maioribus

289 441 476 522 institutum,
507 447 550 521 ut,
578 440 605 505 si
627 441 783 506 antissent
806 440 931 522 delicta,
962 461 1084 525 poenae
1115 449 1329 524 sequerentur.

289 565 330 610 ne
360 550 520 609 verterent
550 545 711 628 sapienter
740 550 865 628 reperta
888 551 920 608 et
942 564 1067 628 semper
1090 545 1220 629 placita:
1252 546 1330 610 satis

289 670 420 715 onerum
448 648 654 733 principibus,
685 648 762 713 satis
790 648 885 713 etiam
912 649 1084 733 potentiae.
1123 650 1221 713 minui
1251 650 1329 729 iura,

289 753 435 835 quotiens
458 752 571 835 gliscat
593 758 741 836 potestas
766 772 825 816 neo
847 751 1000 816 utendum
1019 753 1161 836 imperio,
1185 753 1240 818 ubi
1256 752 1330 835 legi-

289 857 349 921 bus
364 857 419 938 agi
433 855 541 939 possit.
574 862 691 937 quanto
713 856 812 920 rarior
833 855 921 939 apud
940 856 1102 921 Tiberium
1125 856 1329 940 popularitas,

289 967 377 1026 tanto
400 959 583 1024 laetioribus
605 959 719 1024 animis
741 965 882 1042 accepta.
913 966 1009 1042 atque
1031 959 1083 1024 ille
1106 959 1245 1044 prudens
1268 980 1329 1024 mo-

290 1063 433 1144 derandi,
458 1064 484 1128 si
506 1064 633 1147 propria
656 1063 703 1127 ira
725 1084 790 1129 uon
805 1063 1029 1148 impelleretur,
1053 1064 1177 1129 addidit
1193 1065 1329 1130 insulam

291 1168 432 1251 Gyarum
461 1167 615 1231 immitem
646 1173 677 1232 et
707 1168 775 1232 sine
805 1168 890 1232 cultu
917 1167 1080 1233 hominum
1103 1189 1186 1234 esse:
1218 1168 1330 1232 darent

290 1272 401 1337 Iuniae
435 1272 574 1337 familiae
608 1279 639 1337 et
668 1272 736 1337 viro
767 1273 927 1355 quondam
958 1273 1075 1338 ordinis
1110 1273 1261 1354 eiusdem,
1295 1279 1331 1336 ut

291 1376 453 1460 Cythnum
483 1376 589 1460 potius
619 1376 815 1442 concederet.
854 1376 888 1440 id
917 1397 1056 1443 sororem
1084 1398 1208 1460 quoque
1231 1377 1330 1443 Silani

289 1482 490 1563 Torquatam,
513 1481 637 1564 priscae
659 1481 887 1545 sanctimoniae
910 1481 1076 1564 virginem,
1100 1489 1260 1565 expetere.
1297 1482 1329 1545 in

289 1583 373 1648 hanc
395 1585 586 1649 sententiam
609 1583 695 1648 facta
717 1584 879 1650 discessio.

139 1683 252 1808 addua
378 1688 428 1752 70.
452 1690 528 1754 Post
550 1688 651 1753 auditi
627 1688 886 1771 tOyrenenses,
921 1696 1147 1754 etaccusante
1170 1688 1329 1754 Anchario

126 1822 164 1867 m
178 1823 264 1869 quq„
290 1793 397 1857 Prisco
422 1792 552 1857 Caesius
576 1791 697 1857 Cordus
720 1792 968 1875 repetundarum
991 1792 1170 1857 damnatur.
1210 1793 1245 1856 L.
1269 1794 1330 1857 En-

133 1894 185 2014 o'ffi
198 1893 249 1939 ”²¹
290 1897 377 1961 nium
409 1896 548 1978 equitem
578 1897 766 1976 Romanum,
797 1896 955 1961 maiestat
947 1916 973 1961 rs
1004 1898 1207 1980 postulatum,
1244 1896 1329 1979 quod

118 1972 274 2086 quam„
291 2000 431 2083 effigiem
458 1998 609 2083 principis
635 1999 825 2083 promiscum
848 1998 890 2064 ad
913 2020 1004 2064 usum
1027 2000 1151 2083 argenti
1173 2001 1330 2080 vertisset,

124 2102 266 2149 millii
290 2104 389 2188 recipi
412 2104 529 2168 Caesar
551 2103 634 2168 inter
656 2124 727 2168 1eos
749 2110 804 2168 vet
805 2103 860 2184 uit,
894 2105 1000 2188 palam
1023 2111 1214 2189 aspernante
1183 2104 1330 2169 tAteio

292 2209 445 2292 Capitone
476 2207 565 2289 quasi
596 2227 653 2291 per
681 2207 873 2273 libertatem:
908 2228 972 2272 non
1001 2208 1085 2272 enim
1113 2207 1229 2272 debere
1252 2207 1330 2291 eripi

290 2312 434 2396 patribus
456 2312 521 2376 vim
545 2309 704 2376 statuendi
727 2331 830 2393 neque
853 2317 977 2375 tantum
996 2311 1185 2376 maleficium
1201 2311 1330 2394 impune

290 2414 488 2499 habendum;
516 2435 594 2480 sane
616 2415 719 2480 lentus
742 2414 775 2478 in
798 2435 855 2480 suo
878 2414 984 2480 dolore
1000 2422 1096 2480 esset:
1120 2415 1166 2479 rei
1181 2414 1329 2498 publicae

290 2519 422 2584 iniurias
445 2539 486 2584 ue
507 2518 683 2603 largiretur.
719 2518 876 2583 intellexit
898 2517 979 2582 haec
1000 2517 1156 2601 Tiberius,
1180 2524 1215 2581 ut
1239 2524 1328 2583 erant

290 2624 392 2709 magis
415 2644 510 2706 quam
533 2629 567 2687 ut
590 2623 786 2702 dicebantur,
810 2621 1008 2706 perstititque
1031 2621 1236 2687 intercedere.
1273 2622 1329 2686 Ca·

291 2728 356 2811 pito
378 2727 559 2811 insignitior
581 2726 715 2790 infamia
736 2724 804 2806 fuit,
829 2724 914 2807 quod
930 2724 1060 2790 humani
1076 2725 1238 2807 divinique
1254 2725 1330 2788 iuris

291 2832 395 2895 sciens
418 2831 582 2914 egregium
604 2829 767 2913 publicum
790 2835 822 2893 et
844 2828 945 2894 bonas
972 2829 1057 2894 domi
1085 2836 1169 2894 artes
1196 2827 1331 2893 dehone-

292 2934 449 2999 stavisset.

174 3035 222 3081 Μ
380 3036 589 3102 illucessit
620 3035 693 3101 dein
721 3037 840 3120 religio,
873 3056 1010 3118 quonam
1033 3036 1066 3099 in
1089 3036 1206 3120 templo
1228 3036 1331 3099 locan-

153 3104 244 3226 didit
293 3140 368 3205 dum
391 3140 472 3205 foret
495 3139 622 3220 donum,
647 3139 732 3222 quod
753 3161 810 3224 pro
833 3140 918 3204 valet
921 3137 1016 3202 udine
1031 3139 1193 3223 Augustae
1210 3139 1332 3221 equites

133 3241 261 3288 aaaron
285 3243 426 3309 Romani
457 3250 610 3308 voverant
641 3249 752 3325 equest
752 3243 779 3306 11
739 3244 973 3307 t:Fortunae
1005 3262 1080 3306 nam
1111 3243 1170 3307 etsi
1201 3242 1332 3308 delubra

121 3328 320 3450 “ffiffig‘m
293 3368 360 3412 ems
384 3347 463 3412 deae
487 3347 615 3411 mult'a
608 3367 640 3410 m
663 3347 751 3426 urbe,
775 3346 895 3409 nullum
918 3351 1061 3410 tament
1048 3346 1103 3409 tali
1121 3353 1330 3430 cognomento

127 3466 268 3511 tetri-men
295 3459 370 3517 erat
409 3459 567 3535 repertum
598 3456 645 3515 est
633 3448 785 3514 taedem
809 3468 879 3514 esse
901 3448 987 3532 apud
1008 3449 1150 3530 Antium,
1182 3469 1263 3531 quae
1286 3450 1332 3514 sic

156 3534 241 3579 ”¹⁸¹³
293 3561 491 3639 nuncuparet
492 3575 537 3635 ur,
561 3559 756 3634 cunctasque
780 3552 1039 3617 caerimoniast
1010 3552 1159 3617 Italicis'
1151 3574 1184 3616 m
1208 3552 1332 3637 oppidis

293 3659 473 3743 templaque
504 3663 536 3722 et
566 3657 729 3721 numinum
760 3654 883 3739 effigies
910 3655 987 3720 iuris
1008 3661 1104 3738 atque
1127 3656 1250 3739 imperii
1274 3658 1332 3720 Ro-

294 3764 380 3826 mani
403 3782 482 3827 esse.
506 3762 551 3825 ita
574 3760 690 3825 donum
710 3759 797 3843 apud
811 3760 941 3823 Antium
956 3759 1111 3824 statuitur.
1137 3766 1168 3824 et
1184 3760 1332 3841 quoniam

15 3878 154 3944 ι
285 3865 329 3930 de
357 3865 569 3952 religionibus
603 3863 807 3945 tractabatur,
846 3862 978 3927 dilatum
1012 3883 1113 3947 nuper
1147 3884 1332 3947 responsum
