2760 4214
105 340 185 392 cutem

76 410 218 464 tertianarum

128 476 163 530 fiir

69 548 223 595 demontrat.

80 2408 207 2460 3uidluqt=

114 2477 178 2530 litut

73 2550 111 2594 tte
120 2548 214 2600 erutus.

99 3345 190 3390 stacte·

87 3412 194 3468 iustitiis

110 3493 175 3536 uentu

243 150 286 214 84
484 165 534 221 Ah
553 181 669 222 excessu
687 167 721 222 D.
735 164 861 236 Augusti
880 166 909 221 lI
927 171 1039 225 83-88.

330 340 381 406 83.
404 341 558 421 HonoreS,
582 346 617 405 ut
640 340 710 422 quis
732 360 839 406 amore
861 342 895 406 in
915 340 1139 406 Germanicum
1160 348 1216 406 aut
1239 343 1287 406 in-

241 446 336 528 genio
359 444 493 525 validus,
517 445 632 528 reperti
655 443 851 526 decretique:
875 450 910 508 ut
932 465 1048 510 nomen
1072 445 1140 510 eius
1168 445 1283 510 Saliari

242 549 381 613 carmine
397 554 575 631 caneretur;
598 547 691 613 sedes
707 548 830 613 curules
845 547 1044 614 sacerdotum
1059 549 1286 632 Augustalium

241 653 318 718 locis
341 672 499 738 superque
522 672 576 717 eas
599 671 754 734 querceae
777 659 911 718 coronae
934 658 1160 737 statuerentur5
1191 652 1286 718 ludos

242 758 399 831 circenses
422 757 542 820 ehuma
565 754 688 838 efligies
710 756 864 840 praeiret,
888 776 971 821 neve
995 757 1065 837 quis
1086 755 1203 820 flamen
1227 764 1286 821 aut

241 881 342 944 augur
368 859 531 924 inlocum
554 858 734 924 Germanici
763 859 826 924 nisi
854 860 960 942 gentis
982 860 1082 924 Iuliae
1113 866 1284 925 crearetur.

240 982 333 1027 arcus
363 961 466 1026 additi
488 963 608 1026 Romae
639 968 671 1026 et
697 961 781 1048 apud
813 963 915 1046 ripam
937 962 1041 1028 Rheni
1064 969 1096 1028 et
1117 964 1151 1027 in
1173 971 1283 1029 monte

242 1066 352 1132 Suriae
360 1066 494 1146 Amano,
508 1085 578 1129 cum
590 1066 796 1149 inscriptione
809 1073 1087 1150 rerumgestarum
1098 1088 1137 1132 ac
1148 1074 1284 1133 mortem

241 1170 281 1235 ob
305 1189 371 1234 rem
394 1168 553 1252 publicam
576 1169 690 1250 obisse,
704 1169 915 1254 sepulchrum
930 1169 1130 1252 Antiochiae,
1146 1172 1201 1236 uhi
1218 1190 1283 1235 cre-

240 1278 354 1357 matus
383 1273 521 1338 tribunal
543 1272 762 1357 Epidaphnae,
791 1295 852 1355 quo
875 1275 909 1338 in
930 1275 999 1340 loco
1023 1275 1122 1339 vitam
1145 1274 1282 1339 linierat.

240 1383 414 1442 statuarum
437 1377 626 1457 locorumve,
650 1378 683 1441 in
706 1378 777 1459 quis
801 1378 963 1459 coleretur,
986 1377 1073 1442 haud
1095 1377 1190 1443 facile
1210 1379 1284 1461 quis

240 1501 405 1546 numerum
420 1481 534 1545 inierit.
567 1501 639 1545 cum
662 1487 843 1546 censeretur
866 1483 985 1566 clipeus
1007 1503 1084 1548 auro
1108 1488 1139 1546 et
1161 1483 1282 1565 magni-

240 1584 350 1650 tudine
382 1585 517 1668 insignis
546 1585 629 1649 inter
661 1591 805 1650 auctores
836 1586 1044 1668 eloquentiae,
1078 1584 1282 1651 adseveravit

239 1689 385 1754 Tiberius
401 1688 526 1753 solitum
542 1707 714 1771 paremque
730 1689 843 1753 ceteris
858 1688 1050 1753 dicaturum:
1074 1708 1178 1771 neque
1194 1689 1280 1752 enim

240 1793 453 1875 eloquentiam
477 1790 605 1856 fortuna
627 1790 775 1873 discerni,
800 1798 831 1857 et
853 1793 931 1858 satis
946 1793 1087 1873 inlustre,
1112 1793 1138 1857 si
1154 1799 1282 1857 veteres

240 1898 323 1961 inter
345 1896 513 1979 scriptores
535 1894 713 1960 haberetur.
761 1903 908 1977 equester
936 1895 1013 1962 ordo
1042 1915 1177 1960 cuneum
1203 1895 1280 1960 Ger-

239 2000 356 2064 manici
385 1998 568 2083 appellavit,
600 1999 653 2080 qui
682 1999 839 2064 iuniorum
871 1998 1045 2079 dicebatur,
1080 1999 1280 2081 instituitque

240 2104 286 2169 uti
322 2109 444 2167 turmae
481 2101 587 2166 idibus
621 2103 710 2167 Iuliis
744 2103 917 2186 imaginem
955 2103 1023 2167 eius
1061 2110 1277 2185 sequerentur.

239 2207 390 2292 pleraque
420 2211 562 2269 manent:
594 2204 750 2287 quaedam
781 2207 887 2271 statim
914 2207 1032 2272 omissa
1055 2211 1129 2271 sunt
1151 2212 1205 2270 aut
1227 2225 1280 2270 ve-

240 2317 341 2375 tustas
364 2309 564 2375 oblitteravit.

271 2444 273 2448 ⁸
327 2413 377 2476 84.
403 2413 549 2478 Ceterum
569 2413 688 2477 recenti
703 2412 808 2478 adhuc
822 2414 980 2478 maestitia
996 2434 1083 2479 soror
1098 2413 1278 2479 Germanici

239 2517 340 2599 Livia,
370 2523 471 2600 nupta
493 2518 606 2597 Druso,
638 2514 717 2582 duos
744 2516 844 2581 virilis
867 2536 963 2581 sexus
986 2518 1078 2582 simul
1101 2518 1197 2582 enixa
1220 2525 1278 2582 est.

240 2621 324 2704 quod
354 2641 460 2685 rarum
489 2621 670 2701 laetumque
701 2620 796 2684 etiam
826 2620 958 2686 modicis
988 2622 1160 2705 penatibus
1189 2627 1280 2686 tanto

239 2725 355 2809 gaudio
378 2724 554 2808 principem
575 2723 705 2803 adfecit,
727 2729 849 2788 utnon
872 2725 1096 2808 temperaverit
1118 2725 1194 2806 quin
1217 2725 1279 2789 iac-

239 2835 320 2893 taret
342 2826 427 2911 apud
450 2833 566 2911 patres,
590 2827 667 2891 nulli
682 2833 756 2890 anto
771 2828 984 2892 Romanorum
1001 2826 1142 2893 eiusdem
1158 2827 1278 2911 fastigii

239 2932 307 2997 viro
322 2931 483 3014 geminam
498 2931 628 3013 stirpem
644 2930 775 2995 editam:
797 2950 872 2994 nam
888 2936 1010 3012 cuncta,
1027 2932 1123 2997 etiam
1138 2931 1279 3013 fortuita,

239 3033 281 3098 ad
303 3033 436 3118 gloriam
459 3035 611 3098 vertebat.
643 3033 700 3099 sed
723 3034 838 3118 populo
861 3034 917 3098 tali
939 3035 972 3099 in
995 3041 1136 3119 tempore
1156 3033 1189 3099 id
1205 3055 1278 3116 quo-

239 3157 301 3221 quc
324 3136 463 3202 dolorem
482 3137 561 3218 tulit,
585 3143 746 3219 tamquam
762 3143 874 3202 auctus
889 3138 996 3203 libe'ris
1011 3140 1133 3203 Drusus
1148 3137 1278 3204 domum

238 3241 419 3307 Germanici
441 3242 543 3324 magis
565 3248 700 3325 urgeret.

326 3344 376 3409 85.
405 3344 526 3410 Eodem
555 3365 640 3410 anno
669 3346 821 3429 gravibus
851 3352 981 3410 senatus
1011 3345 1147 3410 decretis
1176 3344 1277 3410 libido

238 3451 427 3516 feminarum
450 3449 585 3514 coercita
608 3456 808 3531 cautumque,
832 3471 873 3514 ue
897 3456 1073 3547 quaestum,
1087 3469 1216 3533 corpore
1233 3448 1277 3513 fa-

69 3553 217 3605 ¹¹¹¹l¹¹¹¹⁶¹²¹¹
239 3560 324 3620 ceret
354 3554 404 3617 cui
433 3573 513 3618 avus
542 3559 598 3617 aut
627 3559 718 3637 pater
746 3560 800 3617 aut
830 3553 959 3617 maritus
990 3573 1087 3636 eques
1114 3555 1278 3618 Romanus

74 3624 118 3667 aut
132 3623 212 3674 tremit

107 3691 180 3736 ttultt.

238 3657 359 3722 fuisset.
398 3676 473 3720 nam
495 3656 620 3721 Vistilia
647 3657 805 3740 praetoria
832 3656 953 3721 familia
980 3657 1090 3740 genita
1116 3657 1277 3721 licentiam

239 3761 338 3845 stupri
353 3758 439 3843 apud
454 3758 573 3824 aediles
592 3760 789 3842 vulgaverat,
805 3779 891 3825 more
906 3759 989 3824 inter
1003 3767 1127 3825 veteres
1137 3766 1277 3842 recepto,

236 3864 290 3946 qui
312 3863 391 3928 satis
411 3882 587 3948 poenarum
609 3861 778 3928 adversum
801 3862 967 3947 inpudicas
997 3863 1030 3927 in
1059 3863 1129 3947 ipsa
1159 3862 1277 3946 profes-
