2760 4214
447 205 472 243 a.
486 189 519 245 7.
532 206 556 244 0.
570 194 628 246 777.
652 189 755 258 pona
769 193 811 245 24.
1086 173 1148 238 139

111 362 181 445 quis
195 343 386 429 =maiestatis
415 365 590 448 postulatus
618 369 694 428 ante
727 363 903 448 perfectum
932 362 1083 428 iudicium
1114 384 1149 429 sc

110 465 179 550 ipse
209 466 276 531 vita
304 467 503 550 privavisset.
543 468 711 550 ibaturque
733 468 766 531 in
791 487 862 532 eam
885 468 1083 548 sententiam,
1114 468 1149 532 ni

111 568 220 635 durius
249 576 421 652 contraque
448 590 568 637 morem
591 591 682 636 suum
704 571 810 656 palam
834 591 891 654 pro
913 570 1150 636 accusatoribus

112 674 229 740 caesar
257 674 368 739 inritas
398 675 495 758 leges,
531 695 598 740 rem
628 675 789 759 publicam
818 675 853 739 in
882 674 1049 760 praecipiti
1079 694 1149 738 con·

111 784 241 860 questus
271 784 369 844 essct:
400 778 622 843 subverterent
651 779 757 863 potius
783 780 853 843 iura
879 798 975 860 quarn
1002 776 1149 843 custodes

112 901 219 946 eorum
241 889 434 947 amoverent.
466 883 513 947 sic
535 882 701 964 delatores,
724 902 826 967 genus
841 882 1003 947 bominum
1023 881 1150 966 publico

112 985 210 1051 exitio
231 992 389 1070 repertum
413 991 445 1051 et
466 1007 508 1051 ne
530 987 642 1070 poenis
665 986 793 1069 quidem
809 1007 958 1070 umquam
974 987 1149 1052 7711777737-

112 1089 217 1170 citum,
241 1109 298 1174 per
319 1091 461 1174 praemia
484 1090 700 1157 eliciebantur.

199 1193 250 1257 31.
274 1193 333 1258 His
362 1200 427 1257 tarn
457 1192 600 1259 adsiduis
627 1199 756 1276 tamque
786 1195 916 1260 maestis
942 1193 1067 1261 modica
1089 1194 1150 1259 lae·
1195 1189 1293 1302 „affin

110 1297 182 1361 titia
210 1297 394 1378 intericitur,
425 1296 508 1380 quod
536 1298 570 1364 O.
594 1297 771 1363 Cominium
801 1299 939 1381 equitem
961 1300 1149 1379 Romanum,
1182 1267 1194 1310 ⁰
1227 1267 1264 1371 „2⁰0
1294 1267 1306 1310 ⁰

111 1400 254 1486 probrosi
276 1401 309 1465 in
333 1422 367 1467 se
391 1401 538 1467 carminis
562 1403 752 1484 convictum,
782 1403 900 1469 Caesar
922 1403 1069 1487 precibus
1090 1402 1150 1466 fra-
1188 1395 1305 1510 ⁶⁸:¹2&

111 1505 177 1586 tris,
202 1506 255 1587 qui
278 1512 406 1570 senator
428 1511 506 1585 erat,
531 1506 697 1571 concessit.
728 1526 790 1588 quo
809 1506 912 1589 magis
926 1505 1039 1570 mirum
1056 1505 1150 1571 habe·
1173 1534 1319 1588 carmus

112 1610 205 1674 batur
233 1630 366 1694 gnarum
396 1609 570 1690 meliorum,
601 1616 632 1675 et
660 1631 742 1693 quae
775 1603 1322 1675 1777717777117777711511111·

113 1719 269 1795 queretur,
292 1713 430 1778 tristiora
451 1714 554 1778 malle.
582 1735 686 1796 neque
710 1714 795 1778 enim
818 1713 961 1778 socordia
982 1713 1151 1797 peccabat;
1192 1691 1304 1805 „iffi

112 1836 172 1881 nec
194 1816 350 1881 occultum
366 1824 423 1898 est,
446 1816 574 1905 quando
590 1837 631 1881 ex
646 1817 791 1898 veritate,
815 1816 942 1899 quando
963 1816 1153 1882 adumbrata
1184 1830 1230 1873 tem
1244 1829 1314 1874 &aa

112 1921 234 1986 laetitia
262 1920 349 1986 facta
377 1921 601 2007 imperatorum
631 1922 838 1987 celebrentur.
874 1922 950 2004 quin
973 1922 1051 2006 ipse,
1082 1941 1153 1986 con·
1197 1897 1302 1951 mmm·

112 2025 233 2108 positus
265 2025 345 2090 alias
379 2032 411 2089 et
444 2025 531 2090 velut
566 2025 771 2089 eluctantium
807 2026 984 2106 verborum,
1021 2024 1153 2090 solutius

113 2129 349 2213 promptiusque
365 2129 580 2210 eloquebatur,
597 2129 743 2211 quotiens
759 2129 951 2194 subveniret.
975 2134 1009 2192 at
1023 2119 1058 2192 P.
1075 2128 1154 2194 Suil-

112 2231 198 2312 lium,
221 2239 419 2314 quaestorem
443 2231 602 2314 quondam
618 2233 808 2314 Germanici,
833 2253 904 2297 cunr
919 2233 1012 2297 ltalia
1034 2253 1154 2298 arcere·

113 2341 164 2399 tur
186 2335 349 2401 convictus
371 2337 540 2420 pecuniam
557 2337 597 2401 ob
613 2357 679 2401 rem
695 2336 899 2401 iudicandam
915 2337 1047 2420 cepisse,
1071 2357 1154 2401 amo

112 2439 252 2503 vendum
275 2439 309 2503 in
332 2439 469 2505 insulam
493 2440 628 2521 censuit,
652 2446 742 2504 tanta
765 2439 965 2504 contentione
987 2439 1096 2520 animi,
1118 2446 1155 2504 ut

113 2542 181 2608 iure
211 2544 345 2609 iurando
375 2545 587 2628 obstringeret
618 2564 635 2608 7
665 2565 699 2609 77
729 2544 857 2627 publica
883 2542 915 2606 id
943 2562 1022 2607 csse.
1069 2542 1154 2625 quod

113 2666 225 2730 aspere
252 2655 419 2731 acceptum
446 2648 662 2732 adpraesens
688 2668 764 2713 mox
788 2647 821 2711 in
842 2645 970 2711 laudern
993 2647 1088 2711 vertit
1109 2666 1154 2710 rc-

114 2769 223 2832 gresso
246 2751 370 2835 Suillio;
402 2771 495 2833 quern
526 2750 607 2816 vidit
634 2770 771 2832 sequens
793 2756 882 2815 aetas
903 2755 1153 2834 praepotentem,

113 2854 259 2918 venalem
276 2861 308 2919 et
323 2854 448 2921 Claudii
469 2854 623 2940 principis
644 2854 786 2918 amicitia
808 2853 863 2918 diu
885 2873 1043 2939 prospere,
1067 2874 1154 2917 num·

115 2977 210 3038 quam
232 2958 315 3023 bene
337 2978 437 3024 usum.
476 2958 589 3024 eadem
612 2979 717 3043 poena
738 2959 772 3023 in
797 2958 909 3024 Catum
932 2958 1085 3022 Firmium
1108 2977 1154 3023 se-

113 3068 256 3127 natorem
286 3062 443 3144 statuitur,
473 3070 636 3144 tamquam
658 3062 748 3128 falsis
770 3061 947 3128 maiestatis
970 3062 1153 3127 criminibus

114 3185 250 3231 sororem
273 3167 449 3250 petivisset.
488 3167 595 3247 Catus,
623 3173 660 3230 ut
681 3166 796 3248 rettuli,
819 3166 975 3232 Libonem
996 3165 1154 3231 inlexerat

113 3268 248 3351 insidiis,
279 3270 395 3336 deinde
425 3271 543 3336 indicio
573 3271 758 3355 perculerat.
791 3271 859 3335 7177
889 3291 1004 3355 operae
1034 3291 1154 3336 memor

113 3373 269 3454 liberius,
301 3374 358 3439 sed
381 3374 444 3439 alia
471 3374 694 3459 praetendens,
725 3374 856 3439 exilium
880 3373 1067 3457 deprecatus
1090 3380 1151 3438 cst:

114 3497 176 3558 quo
198 3477 303 3542 minus
328 3484 441 3543 senatu
463 3478 633 3563 pelleretur
654 3499 719 3543 non
743 3477 875 3544 obstitit.

201 3582 252 3646 32.
276 3583 432 3665 Pleraque
454 3602 573 3664 eorum,
605 3604 686 3665 quae
709 3583 814 3647 rettuli
838 3601 983 3663 quaeque
1005 3579 1151 3662 reseram,
1193 3575 1299 3698 ⁸beer

113 3706 214 3769 parva
235 3686 368 3751 forsitan
385 3694 416 3753 et
430 3687 516 3752 levia
529 3693 706 3752 memoratu
721 3686 823 3752 videri
838 3706 903 3751 non
918 3685 1044 3750 nescius
1067 3705 1151 3750 sum:
1197 3715 1298 3759 mm

114 3788 171 3854 sed
197 3810 291 3855 nemo
318 3791 449 3857 annales
476 3797 600 3856 nostros
623 3810 694 3855 cum
718 3789 872 3874 scriptura
895 3810 1002 3855 eorum
1026 3796 1152 3856 conten·
1171 3782 1326 3838 ’1111111111

114 3892 204 3978 derit,
229 3894 284 3976 qui
302 3902 428 3960 veteres
442 3894 550 3979 populi
564 3894 703 3959 Romani
715 3913 770 3960 res
783 3913 996 3980 conposuere.
1011 3893 1173 3972 ingenua
1188 3853 1323 3955 &QZ
