2760 4214
246 149 292 212 st
490 164 541 218 Ab
559 163 1045 232 excessansugeenee-ea

108 336 196 413 Μ’
334 338 386 402 22.
416 338 572 404 Laudatis
603 360 661 422 pro
689 339 837 402 contione
866 339 1040 404 meroribus
1068 339 1188 404 Caesar
1216 359 1289 403 con·

107 407 194 458 m
306 444 314 456 .
672 443 679 455 .
1003 442 1011 455 .
1262 444 1269 458 .

82 492 220 539 mm,
246 463 367 526 genem
393 462 552 506 armorum
579 456 705 507 strunt.
735 443 966 525 superborum
987 442 1093 506 utulo:
1121 441 1290 508 debellans

73 561 229 606 mnas
247 549 330 612 inter
362 546 509 611 Rhenum
542 546 712 628 Albimque
745 547 929 611 nationibus
961 548 1137 610 exercitum
1167 547 1289 611 'l'iherii

83 632 221 679 '⁶¹⁶¹‘
247 651 396 717 Caesaris
422 670 462 714 ea
487 651 683 714 monimenta
704 650 798 713 llarti
820 665 853 713 et
875 651 944 713 lori
966 664 999 714 et
1020 652 1166 733 Augusto
1186 669 1289 715 sacra·

248 756 344 820 risse.
382 753 423 817 dc
446 774 481 817 se
504 753 585 816 nihil
605 752 740 833 addidit,
770 768 858 818 metu
880 752 1022 817 inuidiae
1043 774 1086 817 an
1107 764 1196 818 ratus
1217 774 1289 818 con-

248 859 414 925 scientiam
445 857 521 921 facti
552 859 630 922 satis
656 877 737 922 eme.
774 877 850 921 mor
873 858 992 922 bellum
1014 859 1048 922 in
1068 858 1290 941 Ampsivarioe

248 963 400 1029 Stertinio
428 960 568 1027 mandat.
599 962 633 1024 ni
663 959 856 1025 deditionem
889 962 1156 1045 properas-tecm.
1191 970 1290 1043 atque

248 1068 294 1132 illi
316 1067 475 1150 supplices
497 1065 577 1129 nihil
602 1064 774 1130 abnuendo
800 1067 928 1130 reniam
957 1067 1097 1130 omnium
1126 1085 1288 1148 accepere.

335 1171 388 1234 23.
411 1169 478 1236 Sed
498 1182 622 1234 aestate
648 1170 714 1232 iam
739 1169 849 1232 adulta
876 1171 1036 1253 legionum
1063 1170 1148 1234 aliae
1175 1170 1290 1234 itinere

249 1275 388 1340 terrestri
417 1277 451 1338 in
481 1274 685 1339 hibernacula
715 1275 880 1339 remissae:
911 1274 1018 1358 plures
1048 1274 1167 1339 Caesar
1195 1274 1290 1338 classi

249 1380 404 1463 inpositas
425 1399 483 1462 per
503 1377 621 1441 flumen
643 1378 799 1440 Amisiam
820 1376 950 1442 Oceano
971 1379 1104 1441 invexit.
1134 1397 1174 1441 ac
1188 1378 1291 1460 primo

249 1482 408 1568 placidum
435 1502 554 1564 aequor
578 1482 665 1546 mille
692 1482 822 1544 narium
847 1483 944 1546 remis
969 1496 1109 1565 strepere
1131 1494 1187 1545 aut
1209 1481 1292 1546 velis

249 1587 373 1671 inpelli:
407 1606 482 1649 mox
515 1598 584 1649 atro
618 1586 751 1649 nubium
779 1585 874 1668 globo
903 1585 1006 1650 effusa
1033 1584 1166 1668 grando.
1195 1584 1290 1648 simnl

250 1692 347 1757 uariis
358 1689 498 1772 undique
510 1689 656 1772 procellis
666 1690 779 1753 incerti
794 1688 908 1754 fluctus
923 1704 1124 1773 prospectum
1138 1687 1291 1769 adimere,

250 1797 391 1880 regimen
424 1792 583 1876 inpedire:
617 1793 770 1874 milesque
803 1792 941 1876 pavidus
969 1806 1001 1857 et
1034 1812 1165 1857 casuum
1193 1792 1293 1857 mans

250 1900 380 1983 ignarus
401 1897 478 1961 dnm
500 1897 607 1961 turbat
628 1908 744 1960 nautas
759 1896 811 1959 rel
826 1897 1049 1980 intempestive
1063 1897 1162 1961 iurat.
1185 1894 1294 1960 officia

250 2000 453 2086 prudentium
482 2002 713 2083 corrumpebat.
751 2021 845 2065 omne
867 2000 982 2064 dehinc
1006 2001 1127 2064 caelum
1150 2012 1182 2062 et
1203 2019 1292 2063 mare

250 2126 343 2171 omne
372 2106 406 2168 in
434 2118 578 2170 austrum
608 2106 713 2185 cessit,
743 2106 797 2187 qui
826 2104 944 2169 umidis
970 2105 1159 2170 Germaniae
1187 2104 1289 2184 terris,

251 2207 416 2293 profundis
436 2208 595 2288 amnibus,
625 2208 781 2272 immenso
810 2210 942 2273 nubium
972 2222 1074 2272 tractu
1104 2205 1230 2271 validus
1259 2214 1293 2272 et

251 2315 354 2397 rigore
391 2314 488 2377 ricini
523 2314 747 2396 septentrionis
780 2312 934 2377 horridior
966 2313 1072 2395 rapuit
1104 2311 1292 2392 disiecitque

251 2436 351 2481 nares
381 2416 414 2480 in
442 2428 555 2500 aperta
577 2415 697 2481 Oceani
724 2426 779 2480 ant
806 2417 927 2481 insulas
953 2417 1042 2480 saris
1068 2415 1213 2498 abruptis
1238 2413 1292 2478 rel

251 2541 309 2606 per
329 2520 452 2586 occulta
473 2519 559 2584 rada
585 2519 727 2584 infestas.
765 2522 881 2603 quihus
907 2520 1036 2603 paulum
1062 2537 1222 2602 aegreque
1247 2516 1293 2581 ri·

251 2626 336 2705 tatis,
366 2638 535 2710 postquam
563 2625 709 2688 mutabat
738 2636 846 2689 aestus
875 2623 1051 2705 eodemque
1080 2641 1143 2705 quo
1176 2628 1293 2686 ventus

251 2728 384 2809 ferebat,
418 2749 483 2793 non
511 2728 686 2793 adhaerere
715 2729 850 2807 ancoris,
886 2748 950 2792 non
980 2727 1148 2791 exhaurire
1177 2725 1293 2788 inrum·

252 2833 357 2916 pentis
386 2831 489 2896 undas
517 2842 677 2916 poterant:
716 2834 799 2915 equi.
829 2834 979 2912 iumenta,
1010 2833 1164 2911 sarcinae,
1195 2830 1293 2895 etiam

251 2956 341 3001 arma
363 2937 620 3020 praecipitantur,
644 2957 706 3019 qno
728 2937 909 3000 levarentur
929 2935 1025 3016 alvei,
1048 2942 1215 2999 manantes
1236 2952 1294 3016 per

251 3039 351 3103 latera
373 3047 406 3104 et
427 3039 526 3104 fluctu
548 3048 787 3124 supernrgente.

91 3138 225 3191 “lm
340 3142 391 3206 24,
416 3141 544 3219 Quanto
571 3145 738 3209 violentior
764 3152 868 3208 cetero
895 3144 976 3207 mari
998 3141 1145 3207 Oceanus
1171 3150 1203 3205 ct
1231 3148 1293 3204 tru-

88 3225 221 3343 ‘ssffi'
252 3247 392 3312 calentia
413 3248 493 3312 caeli
516 3256 657 3331 praestat
679 3248 859 3327 Germania,
888 3255 1012 3312 tantum
1035 3247 1089 3311 illa
1111 3245 1218 3310 clades
1240 3264 1292 3309 no

107 3366 159 3417 rete
171 3370 208 3412 m
253 3353 352 3417 vitate
374 3360 406 3416 et
428 3351 647 3435 magnitudine
662 3352 811 3431 excessit,
833 3351 1001 3416 hostilibus
1016 3352 1134 3415 circum
1148 3349 1292 3414 litoribus

119 3436 199 3488 m·
252 3462 308 3519 aut
333 3456 378 3518 ita
405 3468 496 3520 vasto
523 3466 555 3520 et
581 3455 749 3539 profundo,
779 3463 814 3518 nt
843 3455 990 3520 credatur
1018 3455 1225 3520 novissimum
1254 3470 1293 3516 ae

253 3560 322 3624 sine
345 3559 436 3623 terris
458 3579 554 3624 mare.
585 3580 659 3643 pars
681 3560 812 3623 navium
827 3559 961 3624 haustae
981 3565 1064 3639 sunt,
1086 3558 1192 3642 plmes
1206 3553 1293 3640 apud

253 3661 374 3728 insulas
393 3663 518 3747 longius
533 3664 611 3728 sitas
626 3664 760 3747 eiectae;
783 3664 937 3745 milesque
952 3664 1037 3729 nullo
1053 3663 1115 3726 illic
1130 3661 1293 3726 hominum

253 3767 339 3831 cultu
354 3766 439 3832 fame
453 3769 652 3851 absumptus,
675 3768 736 3832 nisi
758 3789 838 3850 ques
860 3788 992 3852 corpora
1014 3786 1165 3849 equorum
1180 3762 1292 3829 eodem

254 3871 333 3936 elisa
363 3871 582 3936 toleraverant.
626 3871 692 3935 sola
719 3871 900 3937 Germanici
929 3872 1067 3936 triremis
1093 3869 1293 3935 Chaucorum
