2760 4214
447 157 812 226 111111111111.
1108 141 1148 207 57

105 330 303 396 internuntio
325 351 485 397 sermones
509 352 694 397 commeare.
732 339 827 415 atque
850 332 977 397 interim
996 333 1151 398 Libonem

104 441 200 500 ornat
222 441 379 520 praetura,
403 435 600 501 convictibus
622 435 762 517 adhibet,
786 457 850 501 uon
873 437 961 501 vultu
983 437 1150 518 alienatus

108 558 174 603 non
197 539 304 604 verbis
327 538 522 605 commotior:
546 537 627 604 adeo
651 540 730 603 iram
753 539 951 624 condiderat;
976 545 1151 622 cunctaque

108 641 179 707 eius
201 640 286 707 dicta
308 641 465 723 factaque,
490 662 561 707 cum
584 643 751 727 prohibere
766 651 882 727 posset,
906 645 986 708 scire
1002 644 1150 723 malebat,

105 743 213 811 donec
227 746 338 811 Iunius
361 745 499 828 quidam,
524 752 696 831 temptatus
718 755 753 811 ut
775 747 916 813 infernas
939 749 1151 812 1111111111-

109 849 250 915 minibus
273 849 408 930 eliceret,
432 848 474 914 ad
489 850 668 915 Fulcinium
682 853 831 918 Trionem
853 850 1006 916 indicium
1028 850 1150 916 detulit.

108 953 235 1018 celebre
258 953 561 1019 1111111111111111
584 955 712 1020 Trionis
733 956 898 1039 ingenium
922 961 988 1020 erat
1010 955 1151 1020 avidum·

109 1077 174 1139 que
203 1056 309 1122 famae
339 1058 450 1122 malae.
490 1058 596 1123 statim
620 1059 746 1143 corripit
767 1081 866 1140 reum,
897 1059 965 1124 adit
995 1059 1150 1140 consules,

106 1161 347 1244 congnitionem
370 1168 500 1227 senatus
522 1162 633 1246 poscit.
673 1169 704 1227 et
727 1170 881 1228 vocantur
902 1170 1019 1247 patres,
1043 1162 1151 1226 addito

106 1264 354 1330 consultandum
377 1286 472 1350 super
494 1286 528 1331 re
551 1287 668 1350 magna
690 1273 722 1330 et
743 1267 851 1332 atroci.

200 1367 510 1434 eanimurum
539 1377 629 1435 veste
659 1377 780 1435 mutata
807 1392 879 1435 cum
901 1371 1090 1454 primoribus
1112 1375 1153 1434 fe·
1181 1364 1313 1478 {dnm

108 1472 206 1537 minis
230 1473 392 1538 circumire
415 1471 535 1553 domos,
567 1494 655 1538 orare
685 1474 818 1555 adfines,
850 1495 961 1539 vocem
983 1473 1153 1538 adversum
1180 1444 1245 1555 “pla
1258 1502 1310 1547 aa.

108 1575 252 1659 pericula
272 1595 412 1660 poscere,
436 1577 649 1642 abnuentibus
673 1579 804 1659 cunctis,
830 1598 901 1642 cum
924 1577 1050 1642 diversa
1065 1597 1152 1660 prae·
1186 1572 1306 1625 terniones.

111 1677 289 1760 tenderent,
313 1679 426 1744 eadem
448 1678 625 1746 formidine.
661 1681 713 1747 die
736 1688 865 1747 senatus
887 1688 974 1746 metu
997 1687 1028 1744 et
1055 1680 1153 1764 aegri-

111 1783 224 1851 tudine
246 1783 359 1865 fessus,
383 1785 461 1865 sive,
485 1792 520 1848 ut
535 1784 692 1849 tradidere
708 1784 847 1868 quidam,
871 1785 1017 1849 simulato
1033 1784 1151 1863 morbo,

110 1887 226 1953 lectica
248 1887 371 1953 delatus
393 1888 436 1952 ad
458 1888 542 1954 fores
565 1890 671 1953 curiae
687 1890 872 1972 innisusque
887 1889 977 1953 fratri
993 1894 1025 1953 11
1039 1907 1153 1952 marrus

110 2013 152 2057 ao
181 1993 340 2077 supplices
370 2013 465 2058 voces
494 1992 536 2057 ad
566 1993 728 2057 Tiberium
762 1992 896 2057 tendens
925 1994 1055 2056 immoto
1085 1992 1153 2056 eius

112 2095 203 2161 vultu
227 2097 391 2180 excipitur.
437 2117 512 2160 mox
534 2096 657 2161 libellos
681 2103 712 2160 et
735 2104 878 2162 auctores
901 2097 1013 2160 recitat
1036 2096 1154 2160 Caesar

112 2199 159 2264 ita
180 2199 357 2282 moderans,
380 2221 422 2265 ne
444 2201 543 2266 lenire
567 2223 648 2266 nevo
672 2221 819 2285 asperare
836 2201 967 2265 crimina
983 2199 1152 2264 videretur.

201 2303 252 2369 30.
276 2305 485 2370 Accesserant
514 2311 641 2388 praeter
662 2306 811 2371 Trionem
834 2312 865 2370 et
888 2307 1002 2371 Catum
1028 2322 1154 2367 accusa·
1203 2298 1298 2414 33:¹1

112 2414 198 2474 tores
214 2409 365 2474 Fonteius
380 2409 523 2493 Agrippa
538 2414 570 2473 et
586 2409 620 2474 (1.
635 2409 757 2490 Vibius,
781 2410 1008 2489 certabantque
1031 2405 1082 2470 eui
1104 2406 1154 2470 ius
1219 2438 1284 2492 pam

114 2513 285 2597 perorandi
307 2514 340 2577 in
363 2533 452 2578 reum
474 2512 613 2593 daretur,
645 2513 746 2578 donoc
761 2513 882 2592 Vibius,
915 2513 989 2593 quia
1012 2531 1071 2574 nec
1093 2509 1154 2593 ipsi
1203 2507 1302 2561 t²l⁰¹¹²tl

53 2603 64 2618 ⁶
113 2617 197 2682 inter
230 2637 264 2682 se
299 2617 508 2682 concederent
543 2622 574 2681 et
601 2617 681 2681 Libo
715 2616 783 2680 sine
817 2621 950 2698 patrono
984 2613 1154 2692 introisset,
1206 2577 1297 2622 mam

114 2720 300 2805 singillatim
328 2740 362 2785 se
390 2721 522 2785 crimina
548 2720 744 2784 obiecturum
771 2718 941 2803 professus,
964 2717 1101 2802 'protulit
1121 2715 1156 2779 li·

114 2825 215 2890 bellos
229 2824 402 2891 vaecordes
416 2824 507 2905 adeo,
530 2830 565 2888 ut
581 2823 806 2888 consultaverit
820 2822 909 2903 Libo,
934 2843 976 2886 an
991 2820 1156 2885 habiturus

115 2928 198 2994 foret
212 2948 299 3014 opes,
324 2930 393 3011 quis
416 2929 502 2993 viam
518 2927 656 3013 Appiam
671 2926 875 2991 Brundisium
897 2946 997 3008 usque
1020 2923 1157 3009 pecunia

114 3033 260 3117 operiret.
299 3033 424 3098 inerant
454 3039 486 3097 et
516 3032 579 3096 alia
606 3030 737 3095 huiusce
759 3028 845 3094 modi
868 3028 982 3094 stolida
1004 3049 1098 3108 vana,
1129 3027 1156 3091 si

116 3136 242 3201 mollius
264 3136 435 3220 acciperes,
466 3132 655 3200 miseranda.
694 3153 757 3197 uno
788 3139 895 3197 tamen
924 3133 1030 3198 libello
1060 3150 1157 3195 manu

116 3240 248 3305 Libonis
278 3240 459 3306 nominibus
482 3240 655 3305 Caesarum
670 3242 725 3301 aut
742 3242 922 3301 senatorum
936 3233 1063 3299 additas
1077 3240 1157 3297 atro-

115 3363 170 3410 ces
192 3346 244 3409 vel
266 3345 405 3409 occultas
428 3350 519 3408 notas
547 3347 711 3407 accusator
733 3340 896 3424 arguebat.
942 3343 1080 3422 negante
1103 3357 1157 3402 reo

116 3447 349 3533 adgnoscentes
372 3469 480 3514 servos
504 3467 561 3532 per
583 3452 740 3510 tormenta
761 3443 948 3527 interrogari
970 3442 1097 3526 placuit.
1127 3446 1158 3505 et

118 3553 194 3635 quia
223 3558 331 3617 vetere
362 3558 491 3617 senatus
524 3549 666 3615 consulto
697 3548 841 3631 quaestio
863 3547 896 3610 in
920 3551 1015 3630 caput
1039 3544 1158 3610 domini

118 3654 352 3741 prohibebatur,
388 3655 519 3720 callidus
554 3661 586 3719 et
620 3653 694 3717 novi
727 3652 805 3716 iuris
838 3656 980 3734 repertor
1012 3649 1158 3714 Tiberius

117 3759 293 3843 mancipari
316 3759 456 3842 singulos
479 3757 577 3822 actori
599 3756 725 3841 publico
748 3756 845 3835 iubet,
870 3754 989 3820 scilicet
1012 3758 1046 3819 ut
1061 3753 1158 3817 11111-

117 3864 234 3929 bonem
257 3883 298 3928 ex
323 3863 423 3928 servis
446 3862 533 3927 salvo
557 3859 851 3926 senatusconsulto
875 3866 1091 3942 quaereretur.
1119 3858 1162 3922 nb
