2760 4214
503 149 526 187 a.
540 132 573 188 U.
586 149 609 188 c.
622 135 680 188 767.
708 149 734 201 p.
747 131 810 186 Chr.
824 134 865 188 14.
1184 117 1204 180 t')

165 327 228 373 neu
247 307 400 373 tristiores
419 305 600 391 primordio,
623 306 771 371 lacrimas
790 305 952 389 gaudium,
978 312 1109 389 questus
1130 305 1205 371 adu-

167 412 317 477 lationem
347 407 532 476 miscebant.
579 410 654 476 Ser.
675 411 846 494 Pompeius
876 417 908 476 et
934 410 1009 476 Sex.
1030 410 1206 495 Appuleius

164 516 309 581 consules
332 515 426 599 primi
447 515 481 579 in
503 516 602 580 verba
624 515 744 580 'liberii
763 515 909 580 Caesaris
932 515 1087 596 iuravere,
1110 512 1205 598 apud·

165 639 227 701 que
250 639 304 685 eos
327 620 418 685 Seius
441 619 555 685 Strabo
580 626 612 684 et
634 619 669 685 Ο.
690 618 874 711 Turranius,
902 619 954 684 ille
977 617 1205 703 praetoriarum

166 722 339 788 cohortium
366 723 555 807 praefectus,
583 721 635 787 hic
657 741 818 806 annonae3
847 742 921 787 mcx
949 727 1078 787 senatus
1104 720 1206 786 miles

168 846 229 908 que
251 833 284 893 et
310 828 455 911 populus.
493 847 569 891 nam
592 825 739 891 liberius
765 831 880 890 cuncta
907 845 963 910 per
990 825 1135 891 consules
1160 824 1205 889 in-

165 931 314 1016 cipiebat,
342 938 503 1014 tamquam
526 937 635 996 uetere
657 950 692 995 re
714 931 842 1015 publiea
865 937 896 995 et
919 930 1088 1015 ambiguus
1110 930 1205 1013 impe·

164 1035 270 1120 randi3
293 1056 335 1100 ne
352 1034 490 1100 edictum
506 1034 644 1117 quidem,
665 1054 726 1117 quc
746 1041 851 1119 patres
870 1035 904 1098 in
925 1035 1044 1099 curiam
1059 1034 1205 1116 vocabat,

164 1141 226 1207 nisi
241 1140 429 1205 tribuniciae
449 1141 613 1225 potestatis
633 1125 882 1224 praescriptione
901 1141 1006 1224 posuit
1025 1141 1084 1205 sub
1100 1140 1205 1224 Augu-

165 1253 213 1310 sto
230 1250 390 1330 acceptae.
421 1244 521 1308 verba
540 1244 636 1308 edicti
655 1244 744 1308 fuere
763 1263 866 1327 pauca
881 1251 913 1309 et
929 1263 1025 1309 sensu
1045 1242 1205 1328 permode-

165 1354 228 1413 sto:
252 1346 292 1414 de
311 1347 483 1414 honoribus
503 1348 643 1432 parentis
663 1347 887 1429 consulturum,
908 1367 1012 1429 neque
1032 1346 1205 1412 abscedere

166 1472 186 1516 a
209 1471 337 1536 corpore
364 1450 460 1534 idque
483 1472 580 1516 unum
604 1471 646 1516 ex
668 1450 805 1535 puhlicis
832 1451 1016 1516 muneribus
1042 1470 1203 1534 usurpare.

165 1555 224 1621 sed
255 1554 406 1620 defuncto
435 1558 580 1639 Augusto
610 1555 736 1639 signum
765 1553 932 1638 praetoriis
962 1553 1143 1619 cohortibus
1170 1559 1206 1618 ut

167 1659 338 1744 imperator
361 1658 506 1744 dederat,
535 1659 700 1740 excubiae,
728 1678 825 1740 arma,
854 1664 960 1723 cetera
980 1658 1086 1742 aulae;
1114 1656 1205 1722 miles

166 1762 200 1826 in
222 1762 335 1844 forum,
359 1762 449 1828 miles
470 1764 503 1827 in
528 1764 647 1828 curiam
670 1763 888 1828 comitabatur.
923 1762 1032 1827 literas
1053 1761 1095 1827 ad
1118 1781 1205 1827 exer·

167 1866 248 1932 citus
274 1873 435 1950 tamquam
462 1867 579 1952 adepto
606 1867 785 1951 principatu
812 1865 907 1947 misit,
935 1885 1092 1947 nusquam
1114 1885 1205 1930 cunc·

167 1965 329 2036 tabundus
344 1971 406 2037 nisi
422 1991 493 2036 cum
509 1971 541 2035 in
563 1977 675 2037 senatu
694 1971 883 2053 loqueretur.
919 1989 1016 2034 causa
1035 1970 1205 2054 praecipua

168 2093 210 2138 ex
230 2073 408 2155 formidine,
428 2095 470 2139 ne
485 2075 702 2156 Germanicus,
722 2075 756 2138 in
777 2074 866 2139 euius
882 2094 978 2138 manu
994 2079 1040 2137 tot
1054 2073 1204 2157 legiones,

165 2177 322 2243 immensa
348 2178 502 2244 sociorum
529 2179 661 2260 auxilia,
689 2179 787 2243 mirus
813 2176 900 2262 apud
926 2177 1078 2262 populum
1105 2175 1204 2259 favor,

165 2280 284 2346 habere
317 2281 484 2366 imperium
517 2303 613 2365 quam
648 2288 834 2367 exspectare
868 2281 985 2346 mallet.
1043 2279 1141 2346 dabat
1174 2287 1206 2346 et

165 2383 280 2467 famae,
308 2390 344 2449 ut
365 2390 496 2450 vocatus
524 2386 705 2467 electusque
732 2386 836 2470 potius
862 2405 882 2448 a
909 2405 943 2449 re
970 2384 1099 2469 publica
1121 2382 1205 2449 vide·

130 2477 132 2483 ’
164 2493 250 2552 retur
278 2508 373 2570 quam
402 2509 459 2572 per
488 2489 635 2553 uxorium
663 2489 819 2554 ambitum
850 2494 882 2553 et
912 2487 1004 2553 senili
1034 2487 1205 2573 adoptione

165 2591 346 2676 inrepsisse.
381 2599 493 2675 postea
513 2593 674 2677 cognitum
693 2599 742 2658 est
762 2591 804 2657 ad
824 2590 1090 2677 introspiciendas
1110 2592 1205 2656 etiam

165 2714 330 2779 procerum
353 2695 532 2762 voluntates
554 2695 717 2761 inductam
740 2694 984 2761 dubitationem:
1009 2715 1083 2758 nam
1106 2695 1205 2761 verba

165 2799 272 2864 vultus
294 2799 328 2862 in
351 2799 471 2864 crimen
493 2799 685 2882 detorquens
707 2798 909 2866 recondebat.
1338 2878 1345 2893 .

270 2902 299 2966 8.
331 2902 420 2967 Nihil
445 2903 547 2987 primo
570 2910 699 2970 senatus
722 2903 775 2968 die
797 2903 850 2987 agi
874 2922 987 2987 passus
1010 2902 1071 2967 nisi
1095 2901 1135 2966 de
1158 2921 1205 2967 su·
1241 2911 1362 2964 aarum

165 3006 283 3090 premis
302 3006 448 3091 Augusti,
472 3007 561 3072 cuius
582 3013 807 3073 testamentum
829 3007 963 3072 inlatum
986 3027 1043 3091 per
1065 3006 1205 3090 virgines
1236 2981 1361 3104 „mffm

165 3109 282 3176 Vestae
313 3109 481 3174 'liberium'
506 3117 537 3176 et
567 3111 692 3177 Liviam
721 3111 856 3177 heredes
886 3111 1007 3176 habuit.
1049 3111 1142 3175 Livia
1171 3109 1204 3174 in

164 3213 318 3278 familiam
345 3213 459 3279 Iuliam
485 3235 665 3296 nomenque
691 3214 869 3298 Augustum
899 3213 1139 3297 adsumebatur;
1170 3213 1203 3278 in
1241 3189 1276 3234 ²¹¹¹
1290 3191 1358 3236 “⁸¹¹⁰

165 3337 255 3401 spem
275 3315 448 3382 secundam
468 3324 601 3402 nepotes
622 3325 885 3403 pronepotesque,
909 3318 1001 3382 tertio
1021 3316 1122 3400 gradu
1145 3316 1204 3401 pri-

165 3441 268 3486 mores
287 3421 425 3486 civitatis
445 3422 623 3506 scripserat,
647 3423 813 3507 plerosque
832 3422 953 3487 invisos
973 3421 1044 3502 sibi,
1067 3419 1125 3485 sed
1144 3420 1204 3485 iac·

165 3527 266 3590 tantia
292 3525 454 3609 gloriaque
480 3525 523 3589 ad
550 3531 701 3610 posteros.
747 3527 852 3609 legata
877 3545 941 3589 non
969 3526 1052 3589 ultra
1079 3523 1204 3589 civilem

165 3629 303 3710 modum,
333 3629 395 3693 nisi
423 3629 507 3711 quod
533 3631 649 3714 populo
677 3636 709 3694 et
732 3630 818 3714 plebi
845 3628 1127 3712 quadringentiens
1153 3628 1204 3692 tri-

122 3771 126 3775 *
165 3733 257 3799 ciens
280 3731 480 3815 quinquiens,
510 3733 737 3817 praetoriarum
764 3732 939 3798 cohortium
965 3731 1117 3796 militibus
1144 3731 1205 3796 sin-

165 3837 239 3920 gula
260 3856 425 3900 nummum
452 3837 549 3920 milia,
578 3837 709 3904 urbanis
732 3837 929 3923 quingenos,
946 3833 1147 3918 regressae
1164 3837 1230 3890 aaa
