2760 4214
226 181 288 246 152
456 198 504 251 Ab
524 213 639 252 excessu
657 198 691 252 D.
705 199 830 268 Augusti
849 200 889 255 IV
909 203 1021 256 52-56.

219 393 275 437 suo
298 373 366 437 iure
390 371 541 437 disertum
565 393 637 438 eum
659 372 842 456 appellavit.
882 393 958 437 mox
982 373 1188 457 capessendis
1211 394 1261 438 ac-

130 465 132 470 ⁴
220 476 433 541 cusationibus
466 482 521 540 aut
555 496 626 542 reos
659 477 791 541 tutando
825 478 1021 561 prosperiore
1059 477 1260 559 eloquentiae

219 600 314 662 quarn
336 600 458 645 morum
481 578 567 643 fama
589 579 658 663 fuit,
682 580 744 645 nisi
760 580 844 662 quod
859 589 948 646 aetas
965 586 1109 646 extrema
1124 581 1260 644 multum

220 685 316 749 etiam
354 684 553 765 eloquentiae
587 684 734 767 dempsit,
773 684 848 747 dum
881 684 968 750 fessa
1000 691 1107 750 mente
1144 684 1261 749 retinet

219 787 337 853 silentii
360 788 590 870 inpatientiam.

51 884 194 1010 &fumi
305 893 356 955 53.
389 893 431 955 At
456 892 634 976 Agrippina
660 893 813 975 pervicax
841 892 907 957 irae
935 898 966 956 et
988 893 1097 957 morbo
1121 892 1261 975 corporis

44 1025 193 1078 amamus,
219 996 389 1079 implicata,
414 1015 485 1059 cum
508 995 626 1060 viseret
648 1017 719 1061 eam
743 996 871 1076 Caesar,
902 996 1039 1080 profusis
1062 995 1177 1060 diuae
1200 1015 1259 1080 per

219 1100 378 1165 silentium
400 1100 548 1181 lacrimis,
572 1121 647 1164 mox
670 1099 823 1164 invidiam
847 1107 878 1164 et
901 1121 1011 1184 preces
1031 1099 1163 1166 orditur:
1187 1099 1261 1163 sub-

219 1205 341 1270 veniret
364 1203 535 1284 solitudini,
559 1204 649 1268 daret
672 1204 834 1288 maritum,
862 1203 1002 1269 habilem
1024 1203 1129 1268 adhuc
1152 1203 1261 1268 iuven-

219 1315 283 1372 tam
307 1309 378 1389 sibi,
406 1328 510 1389 neque
532 1307 619 1372 aliud
642 1308 750 1392 probis
774 1328 868 1389 quarn
892 1328 933 1372 ex
956 1308 1157 1374 matrimonio
1180 1308 1261 1372 sola-

218 1414 314 1497 cium;
350 1432 420 1477 esse
443 1413 476 1476 in
500 1412 638 1492 civitate,
664 1412 717 1494 qui
741 1465 747 1477 .
767 1464 797 1475 ..
824 1412 1004 1477 Germanici
1027 1413 1195 1495 coniugem
1218 1432 1259 1477 ac

216 1517 331 1582 liberos
347 1519 414 1581 cius
429 1517 570 1600 recipere
586 1516 800 1599 dignarentur.
830 1516 887 1581 sed
904 1517 1021 1582 Caesar
1036 1537 1100 1581 non
1116 1517 1260 1600 ignarus,

217 1627 368 1703 quantum
392 1639 433 1684 ex
456 1641 490 1684 re
512 1621 640 1703 publica
662 1626 830 1705 peteretur,
861 1641 902 1684 ne
933 1627 1039 1685 tamen
1071 1620 1258 1686 offensionis

216 1732 271 1790 aut
293 1732 396 1789 metus
419 1725 606 1789 manifestus
629 1724 718 1806 foret,
743 1725 812 1789 sine
831 1744 982 1808 responso
1003 1744 1195 1806 quamquam
1211 1724 1258 1788 in-

218 1835 354 1895 stantem
377 1829 512 1911 reliquit.
556 1829 589 1892 id
612 1849 680 1912 ego,
713 1849 733 1892 a
762 1829 967 1911 scriptoribus
999 1828 1162 1892 annalium
1193 1848 1259 1892 non

217 1932 377 2014 traditum,
401 1932 525 2017 repperi
541 1933 573 1996 in
599 1932 831 1997 commentariis
846 1933 1042 2016 Agrippinae
1058 1931 1152 2013 filiae,
1176 1952 1262 2013 quae

217 2037 352 2101 Neronis
382 2036 534 2120 principis
565 2042 667 2100 mater
696 2037 795 2100 vitam
825 2057 916 2102 suam
947 2043 977 2100 et
1009 2056 1102 2101 casus
1129 2055 1258 2100 suorum

219 2142 353 2224 posteris
376 2141 572 2204 memoravit.

45 2235 196 2357 Ἳξηᾟξῐζῗ
307 2245 357 2307 54.
376 2245 523 2309 ceterum
539 2244 673 2309 Seianus
689 2250 884 2309 maerentem
900 2250 932 2308 et
948 2242 1149 2328 inprovidam
1163 2243 1261 2322 altius

93 2374 152 2426 turs
220 2349 361 2432 perculit,
393 2348 542 2412 immissis
573 2349 626 2430 qui
649 2368 706 2432 per
736 2348 874 2431 speciem
903 2347 1063 2413 amicitiae
1094 2355 1262 2412 monerent

64 2444 181 2495 ursonis.
220 2459 364 2537 paratum
388 2453 417 2517 ei
439 2473 607 2532 venenum,
632 2452 781 2516 vitandas
804 2452 904 2517 soceri
928 2451 1047 2535 epulas.
1086 2458 1181 2534 atque
1203 2449 1261 2515 illa

220 2558 455 2623 simulationum
470 2557 588 2638 nescia,
613 2577 683 2620 cum
699 2563 827 2640 propter
842 2555 1064 2636 discumberet,
1088 2550 1153 2620 non
1168 2555 1260 2618 vultu

219 2668 273 2726 aut
297 2682 441 2726 sermone
464 2661 557 2742 flecti,
581 2661 683 2726 nullos
705 2661 862 2743 attingere
886 2661 982 2740 cibos,
1006 2659 1108 2724 donec
1122 2658 1262 2722 advertit

218 2765 373 2846 Tiberius,
398 2765 477 2829 forte
500 2785 542 2829 an
565 2765 640 2848 quia
662 2764 841 2849 audiverat;
871 2763 968 2846 idque
992 2784 1054 2845 quo
1077 2763 1180 2826 acrius
1204 2782 1258 2826 ex-

219 2869 382 2953 periretur,
412 2889 516 2951 poma,
547 2877 581 2933 ut
612 2875 702 2933 erant
728 2868 884 2952 adposita,
915 2867 1051 2932 laudans
1080 2865 1173 2931 nurui
1201 2886 1261 2930 sua

220 2992 316 3036 manu
339 2970 477 3035 tradidit.
516 2979 610 3037 aucta
633 2994 673 3036 ex
698 2993 735 3037 eo
758 2972 896 3055 suspicio
920 2971 1126 3055 Agrippinae,
1158 2976 1190 3034 et
1213 2970 1259 3033 in-

220 3076 340 3138 intacta
363 3095 416 3138 ore
440 3075 540 3140 servis
562 3077 706 3140 tramisit.
731 3096 790 3140 nec
813 3083 920 3140 tamen
936 3075 1136 3140 Tiberii'vox
1152 3093 1259 3139 coram

220 3184 338 3258 secuta,
362 3178 419 3243 sed
442 3180 594 3244 obversus
616 3179 659 3243 ad
682 3187 814 3244 matrem
837 3199 900 3243 non
925 3179 1039 3242 mirum
1061 3179 1116 3258 ait,
1140 3177 1261 3258 siquid

221 3283 361 3349 severius
383 3283 415 3347 in
440 3304 510 3348 eam
533 3284 704 3365 statuisset,
728 3304 748 3347 a
771 3304 834 3366 qua
854 3284 1000 3348 veneficii
1014 3283 1259 3347 insimularetur.

220 3388 296 3453 inde
318 3409 424 3453 rumor
446 3389 550 3472 parari
574 3389 716 3469 exitium,
741 3409 844 3470 neque
868 3388 900 3452 id
916 3388 1137 3471 imperatorem
1153 3386 1261 3470 palam

220 3493 348 3574 audere,
372 3499 527 3558 secretum
550 3493 593 3556 ad
616 3492 863 3576 perpetrandum
888 3492 1005 3574 quaeri.

47 3590 203 3705 ‘fligJuffgffd‘
309 3597 360 3662 55.
385 3596 449 3663 Sed
472 3597 590 3662 Cacsar
621 3616 682 3677 quo
712 3596 830 3660 famam
860 3603 1027 3676 averteret,
1058 3594 1171 3659 adesse
1201 3592 1262 3658 fre-

65 3725 164 3774 ·sssa
223 3721 323 3783 quens
353 3700 476 3766 senatui
506 3700 691 3782 legatosque
713 3701 819 3781 Asiae,
843 3701 1043 3783 ambigentes
1066 3718 1204 3780 quanam
1227 3698 1262 3762 in

27 3801 197 3913 sad²¹35{{¹}}²,¹,‘{
222 3805 352 3870 civitate
375 3805 527 3889 templum
550 3810 749 3886 statueretur,
773 3804 872 3889 pluris
894 3824 951 3888 per
967 3803 1036 3868 dies
1050 3801 1182 3866 audivit.
1207 3821 1262 3866 un·

36 3931 150 3983 emota.
203 3909 312 3976 decim
340 3913 439 3981 urbes
462 3911 645 3997 certabant,
666 3910 740 3999 pari
760 3909 947 3990 ambitione,
962 3909 1085 3973 uiribus
1104 3907 1261 3973 diversae.
