2760 4214
514 215 537 254 a.
551 198 584 254 U.
597 213 620 252 c.
633 201 691 263 779.
719 214 744 266 p.
759 195 822 251 cur.
834 199 876 252 26.
975 276 980 283 ⁸
1151 178 1210 243 151

173 395 300 440 versum
323 373 500 438 resistentis
523 372 697 437 comminus
720 371 788 435 niti.
812 370 903 435 miles
919 377 1028 435 contra
1044 370 1212 436 deturbare

173 477 253 558 telis,
277 477 395 561 pellere
410 476 610 556 umbonibus,
633 475 767 539 muralia
789 474 863 558 pila,
888 482 1056 558 congestas
1071 475 1212 561 lapidum

173 582 272 647 moles
291 582 485 665 provolvere.
517 578 568 644 his
589 586 700 664 partae
722 578 874 644 victoriae
890 599 963 663 spes
979 585 1020 660 et,
1044 580 1071 644 si
1087 578 1211 660 cedant,

172 685 354 769 insignitius
376 684 542 768 flagitium,
565 684 627 749 illis
651 689 795 747 extrema
817 683 880 746 iam
903 683 989 748 salus
1012 690 1045 748 et
1059 683 1212 748 adsisten-

172 796 221 854 tes
243 788 402 874 plerisque
425 794 543 853 matres
571 793 602 852 et
629 789 781 871 coniuges
804 807 976 869 earumque
998 788 1138 852 lamenta
1158 786 1212 852 ad-

172 892 251 956 dunt
273 893 404 958 animos.
428 912 495 957 nox
518 892 588 957 aliis
610 893 644 956 in
664 891 842 972 audaciam,
866 892 938 957 aliis
952 891 995 955 ad
1010 890 1212 957 formidinem

172 1003 361 1082 opportuna;
385 997 498 1062 incerti
512 997 604 1077 ictus,
627 997 760 1061 vulnera
774 995 950 1079 inprovisa,
975 1016 1101 1060 suorum
1116 1002 1212 1077 atque

172 1100 310 1166 hostium
341 1101 497 1185 ignoratio
528 1107 560 1165 et
589 1101 705 1165 montis
728 1099 875 1164 anfractu
897 1119 1103 1184 repercussae
1125 1102 1213 1165 velut

172 1225 192 1269 a
214 1210 303 1289 tergo
325 1225 419 1270 voces
442 1205 523 1271 adeo
546 1211 662 1269 cuncta
683 1205 885 1285 miscuerant,
909 1209 944 1268 ut
967 1203 1124 1285 quaedam
1147 1224 1212 1268 mn-

171 1308 314 1374 nimenta
336 1310 471 1374 Romani
494 1309 585 1392 quasi
608 1315 759 1393 perrupta
781 1307 952 1373 omiserint.
984 1328 1088 1390 neque
1104 1315 1211 1373 tamen

172 1434 341 1497 pervasere
371 1413 479 1478 hostes
506 1413 568 1477 nisi
591 1412 763 1477 admodum
786 1412 893 1496 pauci:
925 1417 1055 1492 ceteros,
1087 1411 1211 1477 deiecto

171 1517 406 1601 promptissimo
440 1538 564 1599 quoque
598 1523 653 1581 aut
687 1517 805 1598 saucio,
839 1515 1010 1601 adpetente
1044 1517 1107 1580 iam
1140 1517 1211 1582 lucc

170 1627 291 1686 trusere
313 1621 347 1685 in
370 1642 493 1686 summa
516 1622 646 1703 castelli,
670 1622 725 1686 ubi
747 1620 878 1686 tandem
898 1626 1007 1685 coacta
1027 1618 1155 1685 deditio.
1180 1627 1211 1684 et

170 1725 317 1808 proxima
338 1732 451 1810 sponte
473 1725 647 1791 incolarum
674 1731 816 1809 recepta:
847 1724 985 1808 reliquis,
1017 1745 1078 1807 quo
1105 1725 1210 1790 minus

169 1828 202 1892 vi
225 1836 280 1892 aut
307 1829 429 1894 obsidio
460 1830 689 1913 subigerentur,
720 1836 920 1913 praematura
949 1829 1066 1894 montis
1096 1829 1210 1893 Haemi

170 1938 202 1996 et
224 1952 321 1997 saeva
344 1932 445 1997 hiems
468 1935 625 1999 subvenit.

257 2037 308 2101 52.
340 2040 382 2100 At
404 2039 525 2102 Romae
553 2044 711 2103 commota
737 2037 889 2121 principis
913 2037 1016 2118 domo,
1047 2045 1081 2101 ut
1111 2038 1209 2103 series
1279 2023 1331 2068 ”W

169 2138 266 2203 fuluo
295 2139 329 2203 in
354 2141 565 2225 Agrippinam
596 2142 685 2207 exon
716 2141 880 2225 inciperet,
914 2141 1047 2207 claudia
1073 2143 1210 2208 Pulchra
1237 2093 1377 2209 iiiiii

169 2244 299 2308 sobrina
321 2245 389 2310 eius
412 2246 589 2329 postulatur
604 2254 773 2311 accusante
788 2246 928 2312 Domitio
943 2246 1030 2312 Afro.
1054 2247 1082 2312 is
1097 2268 1209 2312 recens
1253 2232 1354 2285 mm·

168 2354 325 2431 praetura,
345 2348 487 2414 modicus
502 2348 696 2434 dignationis
712 2356 744 2415 et
760 2370 884 2433 quoquo
900 2350 1041 2415 facinore
1056 2372 1208 2435 properus
1233 2319 1369 2443 wigii&

170 2451 351 2534 clarescere,
376 2453 496 2518 crimen
511 2455 727 2538 inpudicitiae,
743 2454 920 2520 adulterum
936 2456 1098 2536 Furnium,
1116 2475 1208 2520 vene-

168 2555 240 2620 ficia
269 2557 303 2620 in
332 2558 507 2641 principem
539 2564 571 2622 et
600 2558 787 2623 devotiones
817 2559 1005 2623 oblectabat.
1030 2560 1208 2643 Agrippina

168 2678 292 2744 semper
314 2668 415 2742 atrox,
439 2669 505 2726 tum
522 2668 553 2726 ct
568 2662 707 2745 periculo
723 2662 920 2746 propinquae
935 2683 1080 2742 accensa,
1104 2664 1208 2746 pergit

167 2761 210 2826 ad
232 2764 394 2830 'liberium
417 2786 455 2830 ac
477 2765 559 2831 forte
582 2766 813 2831 sacrificantem
840 2766 922 2850 patri
949 2767 1097 2851 repperit.
1145 2788 1206 2849 quo

166 2867 257 2932 initio
286 2868 429 2934 invidiae
458 2890 523 2934 non
553 2869 695 2935 eiusdem
724 2871 770 2934 ait
800 2877 939 2935 mactare
966 2870 1041 2935 divo
1063 2871 1206 2954 Augusto

168 2971 314 3037 victimas
337 2979 369 3037 et
390 2980 532 3057 posteros
555 2975 624 3040 eius
646 2975 804 3040 insectari.
833 2995 898 3040 non
913 2976 946 3040 in
963 2974 1087 3060 effigies
1102 2983 1206 3041 mutas

167 3073 310 3140 divinum
333 3077 477 3161 spirltum
500 3078 708 3144 transfusum:
743 3099 778 3144 se
800 3079 973 3164 imaginem
996 3100 1114 3161 veram,
1138 3100 1206 3145 cae-

165 3178 237 3244 lesti
271 3181 427 3265 sanguine
461 3189 572 3263 ortam,
609 3183 795 3268 intellegere
829 3183 1009 3264 discrimen,
1045 3185 1231 3269 suscipere,

165 3283 283 3348 sordes.
312 3284 429 3350 frustra
445 3286 611 3350 Pulchram
627 3287 809 3370 praescribi,
833 3288 884 3352 cui
906 3288 974 3353 sola
996 3288 1086 3352 exitii
1110 3308 1206 3353 causa

166 3387 216 3468 sit,
240 3387 324 3470 quod
346 3389 556 3473 Agrippinam
580 3391 675 3455 stulte
697 3411 825 3475 prorsus
847 3390 889 3455 ad
905 3392 1023 3456 cultum
1039 3391 1203 3476 delegerit,

165 3492 263 3556 oblita
286 3493 396 3558 Sosiae
418 3495 458 3558 ob
482 3494 594 3559 eadem
616 3495 772 3561 adflictae.
797 3496 907 3561 audita
928 3496 1009 3561 haec
1029 3516 1133 3560 raram
1156 3516 1203 3561 oc

165 3597 240 3660 culti
262 3598 399 3680 pectoris
414 3618 525 3664 vocem
541 3600 686 3681 elicuere,
710 3607 948 3684 correptamque
965 3601 1086 3667 Graeco
1109 3621 1202 3666 versu

164 3699 329 3765 admonuit
357 3722 422 3767 non
451 3702 524 3767 ideo
554 3702 649 3783 laedi,
681 3705 755 3785 quia
778 3724 841 3768 non
864 3712 1021 3788 regnaret.
1066 3703 1203 3769 Pulchra

164 3810 196 3868 et
211 3804 347 3870 Furnius
369 3805 568 3871 damnantur.
596 3807 674 3872 Afer
689 3809 877 3892 primoribus
893 3816 1048 3875 oratorum
1064 3809 1201 3891 additus,

163 3906 326 3992 divulgato
348 3909 478 3996 ingenio
501 3918 533 3977 et
559 3917 670 3979 secuta
695 3911 946 3981 adseveratione
965 3913 1139 3989 Qaesar'xs,
1157 3928 1233 3987 spa
