2760 4214
431 205 455 243 a.
470 189 502 244 c.
516 205 539 244 o.
554 193 612 246 111.
640 207 666 258 p.
680 189 743 245 chr.
758 193 798 246 1s.
1094 173 1135 237 79

92 364 153 429 bus
167 362 394 429 acerbitatibus
410 361 609 445 dilaceratus,
634 363 747 445 quibus
763 363 886 429 insidiis
903 363 1136 428 circumventus

91 466 301 532 miserrimam
326 467 424 531 vitam
448 467 587 550 pessima
609 472 710 532 morte
733 466 878 532 finierim.
910 467 937 532 si
960 487 1039 550 quos
1062 487 1136 551 spes

91 591 195 653 meae,
225 571 253 636 si
280 591 359 653 qnos
386 571 583 655 propinquus
606 572 746 654 sanguis,
778 571 873 635 etiam
905 591 983 654 quos
1013 570 1136 635 invidia

95 695 171 759 erga
193 675 357 739 viventem
380 676 539 755 movebat,
570 674 815 739 inlacrimabunt
843 673 1003 756 quondam
1025 674 1136 739 floren-

94 785 159 844 tem
190 786 221 844 et
248 785 295 844 tot
327 779 480 844 bellorum
507 779 709 862 superstitem
739 778 885 844 muliebri
915 778 1028 844 fraude
1058 779 1135 844 ceci-

91 882 188 948 disse.
221 882 280 946 erit
303 883 396 947 vobis
411 882 498 948 locus
515 881 669 964 querendi
683 881 770 967 apud
786 888 941 964 senatum,
964 881 1135 947 invocandi

92 987 190 1072 leges.
229 1007 294 1051 non
323 985 384 1050 boc
413 985 619 1070 praecipuum
646 986 819 1050 amicorum
841 1003 957 1051 munus
980 993 1037 1067 est,
1068 1006 1136 1071 pro-

90 1091 184 1173 sequi
206 1089 391 1156 defunctum
414 1091 531 1174 ignaro
555 1095 678 1172 questu,
703 1090 759 1155 sed
783 1111 865 1172 quae
881 1091 1015 1155 voluerit
1030 1091 1136 1155 memi-

93 1195 189 1275 nisse,
225 1214 306 1276 quac
340 1193 540 1258 mandaverit
574 1194 716 1276 exsequi.
761 1193 883 1259 flebunt
912 1194 1135 1260 Germanicum

90 1299 189 1364 etiam
212 1299 326 1383 ignoti:
351 1298 554 1364 vindicabitis
576 1319 644 1379 vos,
673 1299 700 1364 si
723 1319 774 1364 me
797 1299 902 1383 potius
925 1320 1020 1382 quam
1042 1298 1136 1363 fortu-

92 1423 169 1467 nam
202 1423 306 1467 meam
340 1402 506 1467 fovebatis.
553 1402 711 1467 ostendite
745 1403 860 1487 populo
894 1404 1036 1467 Romano
1070 1400 1137 1467 divi

94 1506 231 1590 Augusti
258 1513 387 1591 neptem
415 1506 614 1589 eandemque
637 1507 804 1592 coniugem
827 1526 941 1587 meam,
972 1511 1137 1570 numerate

91 1630 154 1675 sex
176 1611 307 1675 liberos:
342 1610 558 1675 misericordia
580 1632 652 1676 cum
674 1597 899 1676 accusantibus
922 1610 990 1691 erit,
1017 1608 1136 1693 tingen-

90 1714 242 1796 tibusque
265 1716 400 1780 scelesta
422 1714 575 1779 mandata
596 1722 652 1779 aut
674 1736 738 1781 non
762 1714 892 1780 credent
914 1714 1060 1779 homines
1082 1719 1138 1777 aut

93 1838 159 1882 non
181 1815 370 1902 ignoscent.>
407 1820 551 1885 iuravere
574 1819 678 1901 amici,
710 1819 857 1884 dextram
879 1817 1043 1883 morientis
1066 1836 1137 1884 oon·

90 1921 265 2006 tingentes,
288 1923 432 2007 spiritum
455 1929 648 2004 antequam
671 1923 824 1988 ultionem
850 1923 1031 1988 amissuros.

183 2025 233 2089 72.
257 2027 339 2090 Tum
361 2026 403 2091 ad
425 2046 557 2092 uxorem
580 2047 689 2092 versus
712 2049 769 2111 per
790 2027 973 2092 memoriam
996 2028 1055 2109 sui,
1080 2047 1137 2113 per
1154 2041 1309 2093 utereturne.

92 2147 279 2195 communes
299 2130 416 2195 liberos
431 2130 542 2211 oravit,
568 2136 699 2196 exueret
721 2130 881 2212 ferociam,
906 2131 1062 2196 saevienti
1078 2131 1137 2196 for-

92 2237 193 2296 tunae
209 2233 407 2298 submitteret
421 2234 572 2313 animum,
595 2255 659 2299 neu
682 2254 827 2319 regressa
850 2234 883 2298 in
906 2236 1017 2299 urbem
1032 2255 1138 2300 aemu-

95 2335 214 2401 latione
237 2338 398 2421 potentiac
420 2337 590 2404 validiores
613 2339 765 2403 imitaret.
797 2338 877 2403 haec
897 2339 1003 2423 palam
1024 2345 1056 2403 et
1075 2339 1138 2403 alia

92 2446 228 2522 secreto,
258 2461 316 2524 per
346 2462 428 2523 quae
459 2441 628 2507 ostendere
658 2442 846 2508 credebatur
872 2449 991 2508 metum
1020 2462 1061 2507 ex
1088 2442 1138 2506 Ti-

94 2543 192 2608 berio.
232 2565 335 2626 neque
358 2546 456 2610 multo
479 2551 551 2630 post
581 2545 786 2629 extinguitur,
816 2545 939 2629 ingenti
961 2546 1047 2610 luctu
1070 2567 1137 2630 pro-

95 2646 220 2712 vinciae
244 2655 275 2712 et
298 2649 587 2714 circumiacentium
609 2651 804 2734 populorum.
828 2648 991 2715 indoluere
1008 2656 1136 2714 exterae

93 2752 241 2817 nationes
264 2771 433 2836 regesque:
467 2759 557 2817 tanta
579 2753 624 2816 illi
647 2754 778 2818 comitas
801 2753 835 2817 in
858 2753 969 2834 socios,
993 2773 1137 2818 mansue-

92 2854 172 2921 tudo
187 2856 220 2920 in
240 2854 360 2941 hostes3
384 2858 518 2939 visuque
541 2864 573 2922 et
594 2857 705 2922 auditu
727 2858 818 2922 iuxta
839 2857 1041 2938 venerabilis,
1065 2878 1136 2922 cum

94 2958 349 3043 magnitudinem
373 2967 404 3025 et
425 2961 616 3045 gravitatem
644 2982 786 3027 summae
809 2961 954 3026 fortunae
976 2962 1136 3042 retineret,

95 3061 251 3127 invidiam
275 3069 307 3128 et
328 3062 550 3148 adrogantiam
573 3066 737 3149 effugerat.

183 3168 233 3231 73.
257 3168 368 3233 Funus
390 3169 459 3232 sine
481 3168 673 3252 imaginibus
697 3176 729 3235 et
750 3189 877 3254 pompa,
900 3167 1303 3254 110110110000111111111

93 3271 280 3336 memoriam
308 3272 459 3337 virtutum
487 3273 555 3337 eius
579 3273 703 3338 celebre
726 3273 794 3338 fuit.
834 3279 866 3338 et
889 3279 979 3337 erant
1001 3273 1055 3354 qui
1078 3273 1137 3338 for·
1173 3237 1291 3360 „1222qu

95 3395 192 3456 mam,
223 3382 370 3457 aetatem,
401 3397 503 3461 genus
533 3377 642 3441 mortis
671 3377 711 3441 ob
742 3377 1009 3461 propinquitatem
1041 3376 1138 3440 ctiam
1169 3375 1297 3428 1111111·

95 3478 245 3560 1000111111,
269 3480 301 3543 111
324 3480 439 3563 quibus
461 3479 589 3560 interiit,
620 3481 728 3564 magni
751 3479 926 3545 Alexandri
949 3479 1023 3543 fatis
1046 3477 1138 3544 adae-

93 3588 239 3664 quarent.
284 3604 358 3647 nam
381 3591 549 3664 utrumque
571 3603 700 3668 corpore
723 3583 846 3666 decoro,
869 3603 987 3667 genere
1010 3584 1137 3666 insigni,

97 3685 185 3751 haud
214 3687 347 3750 multum
375 3687 506 3772 triginta
528 3707 629 3753 annos
653 3707 826 3771 egressum,
858 3707 984 3751 suorum
1014 3686 1138 3753 insidiis

95 3795 247 3855 externas
277 3792 359 3855 inter
388 3797 500 3875 gentes
527 3790 695 3856 occidisse:
727 3791 783 3857 sed
814 3790 898 3855 hunc
927 3791 1034 3855 mitem
1062 3811 1138 3874 erga

54 3922 58 3930 ·
93 3892 226 3975 amieos,
266 3893 423 3960 modicum
457 3894 669 3982 voluptatum,
701 3917 768 3964 uno
801 3894 1030 3973 matrimomo,
1060 3892 1166 3956 eext'xs
