2760 4214
156 150 217 214 136
389 165 436 220 Ab
455 181 571 220 excessu
588 166 621 220 D.
635 166 761 234 Augusti
780 166 821 220 IV
840 169 951 223 23-28.

153 342 229 406 anni
260 343 293 405 P.
317 341 484 407 Dolabella
513 341 648 406 retinere
678 361 774 406 ausus
809 347 886 420 erat,
921 340 1007 405 iussa
1040 339 1194 424 principis

153 445 255 529 magis
278 465 372 527 qnam
396 444 518 509 incerta
540 444 615 509 belli
638 450 791 510 metuens.

241 549 291 612 24.
302 575 304 579 ¹
315 549 416 632 Igitur
430 548 617 613 Tacfarinas
636 547 779 631 disperso
795 568 919 613 rumore
935 568 1000 612 rem
1016 549 1194 612 Romanam
1279 587 1283 594 ·

152 653 223 717 aliis
247 672 371 734 qnoque
393 653 433 716 ab
457 652 639 718 nationibus
654 651 786 716 lacerari
802 671 902 733 eoque
917 651 1069 734 paulatim
1084 650 1195 715 Africa

7 767 14 790 ³
111 784 118 799 ·
154 755 318 837 decedere,
342 776 380 820 ac
402 775 495 839 posse
518 755 656 836 reliquos
679 756 910 836 circumveniri,
939 756 966 820 si
989 755 1103 835 cuncti,
1128 754 1194 836 qui-

154 861 214 925 bus
247 860 377 924 libertas
411 860 539 924 servitio
573 861 685 943 potior,
720 860 948 940 incubuissent,
982 864 1079 942 auget
1108 859 1195 923 vires

153 963 326 1047 positisque
350 962 460 1027 castris
482 961 686 1027 Thubuscum
718 962 869 1047 oppidum
896 961 1109 1056 circumsidet.
1159 966 1194 1025 at

154 1066 319 1131 Dolabella
347 1072 506 1131 contracto
534 1067 618 1148 quod
641 1073 708 1131 erat
731 1067 875 1147 militum,
908 1073 1025 1131 terrore
1055 1065 1194 1129 nominis

153 1170 287 1234 Romani
311 1177 342 1234 et
365 1171 439 1252 quia
453 1171 612 1236 Numidae
635 1171 778 1256 peditum
799 1171 899 1236 aciem
922 1171 1005 1235 ferre
1021 1175 1193 1252 nequeunt,

153 1274 254 1358 primo
277 1274 325 1338 sui
347 1274 474 1340 incessu
497 1275 589 1340 solvit
612 1274 770 1341 obsidium
793 1274 996 1356 locorumque
1015 1279 1195 1357 opportuna

152 1377 359 1461 permunivit3
391 1378 483 1443 simul
510 1378 670 1463 principes
692 1378 950 1442 Musulamiorum
982 1376 1195 1441 defectionem

153 1488 336 1566 coeptantes
359 1483 460 1548 securi
482 1483 626 1567 percutit.
652 1481 736 1563 dein,
762 1482 836 1564 quia
857 1482 1001 1567 pluribus
1022 1480 1195 1545 adversum

152 1585 388 1650 Tacfarinatem
420 1586 678 1670 expeditionibus
709 1586 879 1669 cognitum,
919 1606 982 1650 non
1012 1584 1103 1668 gravi
1133 1602 1195 1648 nec

153 1709 215 1753 unc
246 1689 375 1754 incursu
407 1689 655 1755 consectandum
685 1689 807 1755 hostem
834 1710 962 1774 vagum,
993 1688 1097 1753 excito
1121 1707 1195 1751 cum

152 1793 358 1878 popularibus
401 1814 477 1876 rege
514 1794 696 1859 Ptolemaeo
741 1799 888 1875 quattuor
924 1793 1054 1876 agmina
1091 1797 1194 1876 parat,

154 1916 235 1977 quae
265 1897 381 1980 legatis
411 1903 467 1961 aut
496 1897 631 1962 tribunis
662 1897 751 1981 data;
782 1902 814 1960 et
836 1896 1052 1981 praedatorias
1081 1915 1196 1960 manus

154 1998 267 2065 delecti
301 2002 480 2066 Maurorum
515 2002 649 2066 duxere:
692 2003 761 2086 ipse
795 2003 954 2066 consultor
986 1999 1098 2065 aderat
1131 2021 1195 2065 om-

153 2104 256 2168 nibus.

0 2201 137 2314 “ghfffiffn
241 2209 292 2273 25.
317 2211 386 2276 Nec
407 2210 505 2277 multo
527 2218 598 2295 post
619 2209 762 2275 adfertur
784 2209 939 2275 Numidas
969 2208 1055 2292 apud
1085 2209 1195 2274 castel-

29 2339 83 2384 ωιτη
153 2314 219 2377 lum
242 2314 436 2395 semirutum,
460 2315 501 2378 ab
524 2315 602 2399 ipsis
625 2313 784 2397 quondam
807 2314 980 2394 incensum,
1005 2313 1055 2378 cui
1078 2333 1195 2377 nomen

0 2409 116 2524 ”w
152 2418 270 2499 Auzea,
286 2418 397 2502 positis
411 2419 591 2502 mapalibus
606 2417 797 2497 consedisse,
813 2416 888 2483 fisos
902 2417 980 2497 lccc,
1004 2416 1079 2498 quia
1093 2415 1196 2481 vastis
1270 2499 1275 2517 ¹

0 2548 128 2601 cortanna
155 2522 272 2587 circum
288 2522 421 2587 saltibus
436 2521 650 2587 claudebatur.
683 2526 750 2585 tum
768 2520 937 2604 expeditae
953 2519 1097 2585 cohortes
1113 2520 1194 2584 alae-

16 2612 106 2670 l‘ffiN?
155 2646 226 2708 que,
258 2646 353 2708 quam
383 2626 417 2690 in
444 2631 566 2710 partem
590 2623 779 2689 ducerentur
801 2623 942 2706 ignarae,
974 2623 1035 2688 cito
1065 2623 1195 2706 agmine

154 2729 327 2814 rapiuntur.
366 2729 523 2810 simulque
553 2733 683 2811 coeptus
714 2726 783 2791 dies
814 2732 846 2791 et
868 2733 1024 2791 concentu
1047 2727 1195 2791 tubarum

154 2852 193 2896 ac
215 2832 294 2896 truci
318 2833 454 2897 clamore
476 2829 610 2894 aderant
632 2830 840 2894 semisomnos
864 2829 897 2893 in
920 2829 1082 2910 barbaros,
1106 2849 1194 2912 prae-

155 2934 271 3020 peditis
290 2933 499 2998 Numidarum
523 2933 612 3014 equis
634 2939 688 2998 aut
712 2917 855 2999 diuersos
877 2940 987 3018 pastus
1010 2932 1196 3016 pererranti-

155 3038 223 3103 bns.
269 3038 309 3101 ab
341 3037 492 3102 Romanis
526 3036 685 3102 confertus
718 3035 827 3120 pedes,
860 3036 1032 3120 dispositae
1061 3042 1194 3118 turmae,

155 3149 270 3206 cuncta
299 3139 418 3224 proelio
447 3140 587 3224 provisa:
620 3139 764 3204 hostibus
787 3146 896 3204 contra
917 3139 1057 3204 omnium
1079 3140 1196 3205 nesciis

154 3265 219 3311 non
241 3264 339 3324 arma,
363 3264 428 3308 non
450 3242 536 3324 ordo,
560 3263 624 3308 non
647 3243 821 3323 consilinm,
850 3241 907 3307 sed
930 3263 1079 3327 pecorum
1101 3242 1195 3308 modo

155 3348 248 3429 trahi,
279 3347 390 3429 occidi,
421 3347 499 3432 capi.
539 3346 685 3412 infensus
708 3346 799 3411 miles
822 3347 975 3411 memoria
997 3348 1140 3413 laborum
1164 3355 1196 3412 et

154 3451 325 3518 adversum
348 3450 505 3516 eludentis
535 3456 662 3533 optatae
693 3451 809 3514 totiens
839 3471 967 3535 pugnae
996 3471 1030 3515 se
1061 3451 1196 3532 quisque

154 3555 272 3621 ultione
300 3561 331 3620 et
359 3554 515 3638 sanguine
538 3554 720 3637 explebant.
760 3553 904 3618 differtur
927 3574 983 3638 per
1005 3555 1195 3639 manipulos,

155 3657 391 3723 Tacfarinatem
421 3676 540 3738 omnes,
575 3664 682 3722 notum
713 3663 759 3722 tot
788 3658 925 3741 proeliis,
959 3665 1195 3724 consectentur:

156 3780 220 3825 non
243 3760 304 3826 nisi
319 3760 399 3826 duce
421 3760 587 3826 interfecto
602 3760 743 3842 requiem
759 3761 833 3825 belli
848 3761 924 3826 fore.
949 3769 981 3827 at
997 3763 1049 3827 ille
1065 3763 1197 3828 deiectis

21 3904 62 3952 Κ
148 3864 269 3931 circum
291 3866 500 3953 stipatoribus
522 3865 691 3950 vinctoque
714 3869 777 3930 iam
800 3865 865 3932 filio
885 3873 916 3931 et
933 3867 1040 3932 effusis
1055 3867 1196 3949 undique
