2760 4214
431 211 455 248 a.
470 194 502 250 U.
516 210 539 248 c.
554 198 611 250 775.
635 211 661 262 p.
675 192 737 248 Chr.
750 197 792 250 22.
1072 176 1131 240 lll

181 370 231 432 63.
256 368 394 433 Auditae
424 369 557 432 aliarum
588 387 712 450 quoque
743 368 917 432 civitatium
948 369 1132 452 legationes.
1176 365 1274 480 ξαΰέψ

95 494 226 556 quorum
258 473 350 556 eopia
379 471 456 537 fessi
486 478 603 556 patres,
635 478 666 535 et
696 472 771 554 quia
801 471 913 538 studiis
944 472 1133 552 certabatur,
1176 436 1282 560 12:⁶2}AE

93 578 274 642 consulibus
306 576 487 660 permisere,
519 583 554 640 ut
586 582 752 660 perspecto
782 577 859 657 iure,
891 583 923 642 et
946 576 972 641 si
994 597 1056 658 qua
1078 577 1134 640 ini·
1193 582 1266 633 &Aba

94 682 197 763 quitas
219 680 443 760 involveretur,
475 700 541 745 rem
572 681 729 764 integram
759 701 882 745 rursum
915 680 956 744 ad
989 687 1133 746 senatum

94 785 257 850 referrent.
296 786 442 850 consules
469 805 564 869 super
587 804 641 849 eas
664 784 818 866 civitatee,
850 805 929 867 quas
951 785 1132 872 memoravi,

94 889 180 973 apud
195 891 384 973 Pergamum
397 889 779 973 Aesculapiiconpertum
795 890 919 973 asylum
934 889 1133 955 rettulerunt:

94 999 214 1058 ceteros
245 992 387 1058 obscuris
417 993 456 1057 ob
487 998 678 1057 vetustatem
700 992 800 1057 initiis
823 993 890 1056 niti.
929 1013 1004 1057 nam
1027 994 1134 1076 Zmyr·

94 1119 192 1164 naeos
208 1098 368 1163 oraculum
380 1097 545 1181 Apollinis,
562 1098 651 1162 cuius
663 1097 794 1181 imperio
807 1096 1009 1163 Stratonicidi
1018 1097 1134 1162 Veneri

95 1203 245 1286 templum
269 1200 455 1281 dicaverint,
478 1200 596 1266 Tenios
619 1200 761 1265 eiusdem
777 1221 906 1266 carmen
921 1200 1048 1282 referre,
1073 1221 1134 1283 quo

97 1327 221 1370 sacrare
244 1306 386 1389 Neptuni
411 1305 549 1388 effigiem
572 1303 748 1387 aedemque
770 1306 848 1370 iussi
871 1305 943 1371 sint.
989 1305 1135 1391 propiora

97 1410 280 1476 Sardianos:
312 1409 488 1474 Alexandri
516 1409 645 1474 victoris
674 1409 708 1473 id
738 1409 866 1474 donum.
905 1429 1008 1491 neque
1031 1409 1135 1474 minus

96 1514 235 1579 Milesios
257 1515 362 1580 Dareo
394 1534 469 1598 rege
491 1514 564 1598 niti;
594 1520 642 1579 set
670 1514 771 1579 cultus
800 1514 965 1578 numinum
995 1513 1135 1596 utrisque

100 1617 237 1682 Dianam
268 1624 323 1682 aut
345 1619 525 1702 Apollinem
555 1617 738 1682 venerandi.
778 1624 885 1702 petere
914 1624 945 1682 et
968 1618 1135 1683 Cretenses

96 1722 261 1787 simulacro
285 1721 351 1786 divi
373 1721 519 1805 Augusti.
558 1721 707 1803 factaque
730 1728 859 1786 senatus
882 1721 1034 1800 consulta,
1066 1720 1135 1802 quis

95 1826 193 1890 multo
211 1846 281 1890 cum
296 1825 416 1891 honore
432 1824 543 1890 modus
558 1831 666 1888 tamen
689 1825 972 1909 praescribebatur,
996 1823 1134 1905 iussique

94 1929 172 2014 ipsis
193 1931 227 1993 in
250 1930 376 2014 templis
391 1930 489 2014 figere
504 1949 579 1994 aera
595 1928 782 1994 sacrandam
797 1928 839 1992 ad
854 1929 1048 2011 memoriam,
1072 1948 1134 1993 neu

98 2034 203 2117 specie
226 2033 387 2116 religionis
409 2034 442 2097 in
465 2033 671 2098 ambitionem
695 2032 925 2097 delaberentur.

183 2135 233 2203 64.
261 2137 326 2202 Sub
346 2136 432 2201 idem
447 2144 572 2221 tempus
587 2137 686 2201 Iuliae
701 2138 864 2220 Augustae
880 2136 1028 2202 valetudo
1043 2142 1135 2202 atrox
1173 2136 1287 2188 ‘immid‘

98 2241 366 2306 necessitudinem
393 2240 528 2326 principi
555 2241 631 2306 fecit
653 2241 794 2306 festinati
817 2241 850 2305 in
873 2242 983 2306 urbem
1006 2241 1134 2322 reditus,
1155 2206 1307 2259 mmm*

97 2344 221 2410 sincera
243 2344 347 2409 adhuc
370 2345 454 2410 inter
475 2351 608 2409 matrem
630 2344 792 2427 filiumque
815 2344 984 2410 concordia
1006 2345 1073 2410 sive
1088 2365 1135 2410 oc-

100 2449 191 2514 cultis
222 2448 311 2515 odiis.
350 2468 455 2531 neque
482 2448 567 2513 enirn
590 2449 687 2512 multo
710 2454 794 2530 ante,
826 2468 898 2512 cum
920 2447 1006 2512 haud
1028 2449 1136 2532 procul

97 2551 219 2618 theatro
241 2552 382 2617 Marcelli
406 2550 546 2636 effigiem
568 2550 642 2616 divo
665 2553 808 2636 Augusto
831 2551 912 2616 Iulia
935 2550 1063 2633 dicaret,
1086 2552 1136 2616 Ti·

98 2656 165 2720 beri
188 2677 304 2721 nornen
327 2677 383 2722 suo
406 2656 657 2741 postscripserat,
688 2655 784 2738 idque
814 2656 866 2719 ille
894 2655 1081 2720 credebatur
1101 2662 1136 2720 ut

96 2758 228 2824 inferius
258 2760 423 2824 maiestate
453 2760 605 2845 principis
633 2760 724 2844 gravi
756 2766 788 2824 et
818 2759 1015 2824 dissimulata
1041 2759 1136 2824 offen·

97 2863 184 2927 sione
207 2862 379 2929 abdidisse.
417 2869 465 2929 set
487 2870 554 2928 tum
578 2864 733 2947 supplicia
756 2863 806 2928 dis
827 2862 956 2945 ludique
972 2863 1079 2946 magni
1094 2864 1134 2928 ab

98 2973 211 3031 senatu
235 2966 456 3048 decernuntur,
487 2986 565 3048 quos
593 2966 759 3051 pontifices
783 2973 815 3031 et
836 2985 972 3050 augures
996 2973 1027 3032 et
1049 2966 1135 3049 quin·

97 3070 261 3135 decimviri
297 3070 497 3155 septemviris
533 3070 626 3135 simul
657 3077 688 3135 et
719 3070 880 3136 sodalibus
910 3071 1135 3154 Augustalibus

97 3174 236 3239 ederent.
276 3179 442 3239 censuerat
463 3174 499 3238 L.
525 3174 694 3258 Apronius,
725 3180 760 3238 ut
790 3174 915 3239 fetiales
947 3194 1070 3256 quoque
1097 3174 1136 3238 iis

98 3277 182 3343 ludis
204 3276 431 3362 praesiderent.
471 3283 580 3342 contra
603 3277 686 3341 dixit
709 3278 837 3358 Caesar,
867 3277 1015 3342 distincto
1038 3297 1136 3341 sacer-

97 3380 251 3446 dotiorum
275 3383 342 3446 iure
366 3389 398 3447 et
412 3381 555 3465 repetitis
571 3382 741 3466 exemplis:
765 3400 870 3463 neque
886 3381 971 3445 enirn
987 3400 1135 3462 umquam

97 3484 257 3551 fetialibus
280 3484 340 3550 hoc
362 3485 538 3551 maiestatis
553 3485 662 3550 fuisse.
688 3485 761 3550 ideo
777 3485 970 3569 Augustales
985 3483 1135 3563 adiectos,

97 3590 171 3672 quia
202 3591 362 3673 proprium
394 3589 461 3654 eius
492 3588 603 3655 domus
631 3589 842 3655 sacerdotium
865 3594 957 3669 esset,
987 3609 1044 3672 pro
1074 3607 1136 3670 qua

98 3700 173 3758 vota
196 3695 458 3778 persolverentur.

183 3799 233 3862 65.
258 3798 399 3881 Exsequi
429 3798 605 3864 sententias
636 3797 722 3862 haud
751 3797 873 3862 institui
903 3796 964 3862 nisi
994 3796 1136 3878 insignes
1161 3792 1332 3908 QZ&

96 3922 153 3987 per
182 3901 349 3967 honestum
375 3908 431 3968 aut
458 3902 591 3968 notabili
617 3901 794 3990 dedecore3
823 3900 916 3987 duod
940 3899 1167 3984 malampnum
