2760 4214
505 202 529 240 a.
543 187 576 242 U.
590 201 613 240 c.
627 190 685 244 789.
712 203 739 254 p.
751 185 814 241 Chr.
828 189 869 242 36.
1142 168 1201 232 191

249 360 302 424 42.
325 359 498 424 Plurimum
519 359 711 425 adulationis
734 360 940 426 Seleucenses
962 359 1103 441 induere,
1132 359 1206 424 civi-

163 472 213 530 tas
242 470 366 549 potem,
397 470 508 547 saepta
537 463 635 529 muris
658 483 761 546 neque
783 463 818 527 in
848 465 1020 529 barbarum
1050 469 1205 547 corrupta,

163 569 222 635 sed
245 567 416 634 conditoris
439 568 563 634 Seleuci
585 568 734 632 retinens
781 569 915 633 trecenti
941 569 1055 653 opibus
1082 573 1138 632 aut
1160 586 1206 631 sa-

164 672 286 757 pientia
308 671 422 737 delecti
445 677 480 735 ut
508 677 648 752 senatus,
680 692 738 737 sua
760 672 876 755 populo
899 672 958 737 vis.
1005 678 1037 737 et
1061 670 1206 754 quotiens

164 775 336 841 concordes
358 781 468 860 agunt,
490 775 648 858 spernitur
667 775 816 841 Parthus:
840 776 896 840 ubi
919 775 1107 856 dissensere,
1130 773 1207 837 dum

166 881 227 946 sibi
249 880 383 962 quisque
407 885 515 944 contra
537 880 678 944 aemulos
699 878 875 944 subsidium
890 885 1016 961 vocant,
1039 879 1158 944 accitus
1174 877 1208 941 in

166 990 290 1068 partem
322 981 493 1048 adversum
527 1003 637 1048 omnes
666 983 808 1048 valescit,
854 982 888 1046 id
918 1003 1020 1067 nuper
1048 981 1208 1048 acciderat

166 1088 329 1152 Artabano
360 1092 523 1170 regnante,
555 1087 608 1169 qui
639 1088 766 1170 plebem
792 1087 981 1171 primoribus
1008 1086 1140 1151 tradidit
1167 1105 1208 1150 ex

167 1211 224 1256 suo
239 1211 311 1256 usu:
333 1211 408 1254 nam
422 1190 530 1274 populi
546 1190 713 1275 imperium
726 1191 817 1254 iuxta
832 1191 1021 1272 hbertatem,
1037 1211 1208 1275 paucorum

168 1294 340 1359 dominatio
363 1294 470 1377 regiae
492 1293 619 1358 libidini
640 1294 767 1378 propior
790 1301 847 1359 est.
892 1300 960 1359 tum
981 1293 1209 1360 adventantem

167 1397 331 1462 Tiridaten
361 1398 517 1462 extollunt
546 1404 689 1463 veterum
718 1419 829 1482 regum
858 1398 1031 1464 honoribus
1065 1405 1097 1463 et
1131 1416 1209 1480 quos

168 1521 280 1566 recens
301 1507 391 1566 aetas
414 1502 532 1585 largius
554 1501 690 1587 invenit;
714 1503 806 1567 simul
829 1504 945 1586 probra
963 1503 997 1566 in
1012 1501 1210 1566 Artabanum

168 1605 355 1686 fundebant,
379 1611 522 1670 materna
542 1605 663 1689 origine
678 1606 863 1688 Arsaciden,
884 1613 989 1672 cetera
1009 1605 1208 1690 degenerem.

168 1709 327 1774 Tiridates
349 1730 417 1774 rem
439 1709 663 1775 Seleucensem
690 1711 806 1794 populo
833 1712 996 1795 permittit.
1042 1729 1116 1774 mox
1139 1729 1210 1774 con-

170 1815 300 1894 sultans,
332 1834 470 1896 quonam
493 1813 544 1878 die
571 1815 736 1879 sollemnia
757 1815 852 1898 regni
872 1820 1062 1899 capesseret,
1089 1815 1210 1878 litteras

169 1918 315 1983 Phraatis
338 1923 371 1982 et
392 1918 549 1999 Hieronis,
579 1918 633 2001 qui
656 1917 870 1985 validissimas
892 1918 1109 2003 praefecturas
1132 1916 1211 1982 obti-

170 2023 299 2102 nebant,
323 2021 447 2106 accipit,
470 2023 600 2087 brevem
623 2042 744 2087 moram
767 2023 972 2107 precantium.
996 2022 1210 2106 placitumque

170 2126 306 2211 opperiri
321 2126 405 2191 viros
420 2127 654 2210 praepollentis,
674 2133 771 2209 atque
785 2127 913 2192 interim
929 2124 1103 2210 Ctesiphon
1118 2123 1211 2189 sedes

169 2229 295 2313 imperii
317 2230 430 2314 petita:
459 2228 517 2294 sed
539 2230 594 2293 ubi
617 2228 702 2295 diem
724 2251 766 2295 ex
789 2229 841 2295 die
863 2231 1074 2314 prolatabant,
1105 2227 1212 2293 multis

170 2353 276 2398 coram
307 2339 339 2398 et
370 2333 620 2419 adprobantibus
647 2333 769 2400 Surena
799 2334 901 2417 patrio
931 2354 1017 2399 more
1047 2332 1211 2397 Tiridaten

170 2437 289 2521 insigni
311 2437 399 2521 regio
422 2437 554 2503 evinxit.

257 2541 309 2604 43.
333 2540 382 2604 Ac
404 2541 431 2605 ¹si
453 2540 560 2605 statim
582 2540 734 2605 interiora
756 2547 940 2622 ceterasque
963 2540 1109 2604 nationes
1134 2537 1211 2621 peti-
1229 2538 1374 2592 cantaturos

171 2644 279 2725 visset,
303 2663 455 2728 oppressa
479 2645 696 2709 cunctantium
719 2643 875 2708 dubitatio
891 2648 922 2708 et
938 2661 1048 2707 omnes
1063 2641 1098 2704 in
1112 2662 1211 2705 unum
1243 2608 1373 2730 pm„

172 2746 342 2813 cedebant:
377 2746 554 2812 adsidendo
588 2748 762 2828 castellum,
796 2747 829 2811 in
863 2744 947 2828 quod
981 2745 1150 2829 pecuniam
1180 2750 1213 2809 et
1282 2745 1329 2789 Μ

171 2852 310 2936 paelices
343 2851 526 2916 Artabanus
560 2853 743 2932 contulerat,
782 2850 871 2916 dedit
900 2849 1038 2934 spatium
1072 2846 1212 2913 exuendi
1241 2814 1367 2938 ΜΨ

171 2962 275 3040 pacta.
321 2976 397 3020 nam
419 2955 573 3021 Phraates
596 2963 628 3021 et
650 2956 747 3021 Hiero
778 2962 809 3020 et
836 2955 863 3019 si
890 2954 944 3036 qui
974 2953 1028 3018 alii
1055 2951 1213 3017 delectum

172 3058 327 3142 capiendo
363 3058 536 3125 diademati
567 3059 653 3125 diem
681 3058 760 3124 haut
794 3059 1103 3138 concelebraverant,
1139 3076 1213 3140 pars

173 3169 269 3244 metu,
283 3162 413 3245 quidam
424 3162 547 3228 invidia
557 3163 591 3227 in
603 3162 827 3247 Abdagaesen,
844 3162 898 3245 qui
913 3168 981 3225 tum
996 3162 1071 3226 aula
1082 3166 1114 3225 et
1130 3180 1213 3224 novo

173 3286 249 3349 rege
265 3266 455 3350 potiebatur,
472 3265 515 3330 ad
531 3266 730 3331 Artabanum
746 3272 883 3350 vertere3
899 3265 990 3347 isque
1005 3264 1038 3328 in
1053 3263 1213 3347 Hyrcanis

173 3376 314 3454 repertus
335 3376 394 3450 est,
416 3370 536 3435 inluvie
559 3369 681 3434 obsitus
704 3376 735 3433 et
756 3370 908 3434 alimenta
929 3387 1005 3431 arcu
1028 3365 1213 3450 expediens.

173 3492 212 3537 ao
231 3474 333 3557 primo
349 3480 512 3556 tamquam
527 3471 618 3538 dolus
634 3479 799 3556 pararetur
813 3471 950 3551 territus,
973 3469 1028 3534 ubi
1043 3469 1120 3533 data
1134 3468 1215 3534 fides

173 3576 357 3642 reddendae
372 3576 580 3642 dominationi
596 3576 732 3658 venisse,
748 3576 914 3641 adlevatur
929 3574 1071 3638 animum
1086 3579 1117 3637 et
1133 3592 1215 3655 quae

173 3682 341 3764 repentina
351 3681 483 3745 mutatio
496 3680 642 3763 exquirit.
656 3686 723 3744 tum
730 3680 826 3745 Hiero
838 3677 1005 3764 pueritiam
1013 3675 1163 3741 Tiridatis
1170 3678 1215 3740 in-

174 3791 292 3870 crepat,
309 3805 412 3868 neque
427 3805 526 3871 penes
537 3784 714 3850 Arsaciden
729 3783 906 3868 imperium,
922 3779 980 3846 sed
991 3781 1087 3845 inane
1099 3800 1216 3846 nomen

174 3889 261 3973 apud
275 3889 425 3956 inbellem
445 3896 578 3955 externa
593 3889 736 3972 mollitia,
758 3889 827 3955 vim
846 3887 884 3952 in
899 3883 1105 3970 Abdagassis
1116 3884 1228 3948 domo.
