2760 4214
182 147 222 211 10
432 162 481 217 Ab
501 178 616 218 excessu
634 164 667 217 D.
682 162 808 233 Augusti
827 165 839 217 Ι
860 167 970 220 13-17.

180 345 242 421 111;
278 337 441 419 Scaurum,
470 337 520 402 cui
543 336 764 420 inplacabilius
787 338 990 417 irascebatur,
1015 337 1138 403 silentio
1161 343 1223 402 tra-

17 440 149 554 flffellnfffit
180 442 273 506 misit.
312 441 479 523 fessusque
503 442 638 506 clamore
660 442 810 541 omnium,
840 443 1093 526 expostulatione
1116 441 1224 525 singn-

68 579 102 624 tre
180 548 279 611 lorum
312 545 404 611 flexit
437 546 600 628 paulatim,
635 566 697 609 non
732 552 767 610 nt
800 545 952 611 fateretur
986 545 1103 629 suscipi
1133 565 1153 608 a
1184 564 1222 610 se

21 647 145 701 smrnan.
180 650 356 734 imperium,
388 649 445 714 sed
474 656 510 714 nt
539 670 657 732 negare
688 657 720 714 et
746 649 851 733 rogari
882 648 1049 715 desineret.
1096 655 1223 714 constat

179 755 354 835 Haterium,
379 774 450 818 cum
473 753 666 838 deprecandi
690 775 786 819 causa
801 755 957 819 Palatium
977 754 1137 819 introisset
1156 773 1222 817 am-

117 848 121 857 ’
180 858 383 940 brrlantisqne
399 858 518 922 Tiberii
539 879 645 942 genua
664 857 894 938 advolveretur,
919 878 1016 943 prope
1032 879 1052 922 a
1067 857 1223 923 militibus

179 961 391 1042 interiectum,
415 962 490 1044 quia
504 962 650 1026 Tiberius
666 982 740 1027 casu
755 982 797 1026 an
813 963 960 1026 manibus
976 962 1048 1042 eius
1059 960 1223 1045 inpeditus

180 1064 366 1148 prociderat.
390 1084 494 1147 neque
517 1072 624 1129 tamen
647 1066 785 1149 periculo
807 1066 879 1130 talis
899 1065 958 1129 viri
977 1064 1140 1148 mitigatus
1160 1070 1220 1145 est,

180 1170 282 1234 donec
315 1170 465 1234 Haterius
497 1170 675 1253 Angustam
710 1176 814 1235 oraret
848 1169 978 1252 eiusque
1014 1168 1223 1235 curatissimis

180 1273 326 1356 precibus
349 1280 575 1357 protegeretur.

7 1374 48 1420 2¹²
61 1374 155 1488 pppoue
287 1378 335 1440 14.
360 1377 461 1441 Multa
489 1384 614 1461 patrum
642 1384 674 1442 et
701 1378 733 1441 11
762 1378 938 1461 Augustam
970 1376 1119 1442 adulatio.
1165 1377 1221 1443 alii

21 1513 139 1566 amque,
180 1488 356 1565 parentem,
380 1482 434 1545 alii
457 1489 590 1546 matrem
613 1483 735 1566 patriae
758 1481 991 1566 appellandam,
1020 1482 1163 1566 plerique
1185 1488 1228 1546 nt·

181 1585 302 1650 nomini
334 1586 480 1651 Caesaris
510 1584 743 1651 adscriberetur
773 1586 882 1650 ‘Iuliae
911 1584 1003 1650 iilius*
1037 1586 1221 1650 censebant.

181 1689 233 1754 ille
261 1689 473 1755 moderandos
500 1689 689 1755 feminarum
712 1690 847 1755 honores
870 1690 1020 1755 dictitans
1043 1689 1222 1772 cademque

181 1814 215 1858 se
248 1795 459 1878 temperantia
491 1814 620 1859 usurum
654 1795 686 1859 in
721 1795 760 1859 iis
795 1815 876 1877 qnae
906 1795 967 1860 sibi
997 1795 1220 1876 tribuerentur,

157 1894 160 1899 ’
181 1904 320 1962 ceterum
343 1898 459 1963 anxius
482 1899 604 1964 invidia
624 1907 656 1964 11
675 1899 829 1964 muliebre
850 1899 1013 1982 fastigium
1029 1899 1062 1962 in
1079 1898 1222 1966 deminu-

181 2001 300 2066 tionem
320 2001 368 2065 sui
384 2002 544 2086 accipiens
560 2024 600 2067 11
617 2004 758 2068 lictorem
774 2002 901 2084 quidem
917 2003 946 2067 11
962 2001 1090 2067 decerni
1106 2022 1221 2087 passus

182 2112 229 2170 111
256 2125 406 2186 aramque
433 2105 613 2190 adoptionis
642 2113 672 2171 ct
700 2106 764 2170 alia
786 2106 916 2171 huiusce
939 2106 1024 2171 modi
1047 2105 1218 2189 prohibuit.

181 2216 215 2274 at
248 2209 436 2275 Germanico
472 2211 600 2275 Caesari
634 2211 856 2294 proconsulare
891 2211 1057 2294 imperium
1092 2209 1220 2295 petivit,

181 2313 333 2396 missique
360 2313 458 2397 legati
481 2314 534 2395 qui
557 2313 727 2395 deferrent,
756 2314 850 2379 simul
872 2315 1064 2379 maestitiam
1088 2314 1156 2380 1111
1178 2315 1220 2380 ob

182 2437 348 2482 excessum
362 2418 498 2501 Augusti
521 2419 705 2483 solarentur.
731 2439 792 2501 quo
816 2419 921 2483 minus
940 2417 1025 2483 idem
1045 2439 1101 2502 pro
1116 2417 1222 2484 Druso

181 2524 401 2607 postularetur,
433 2542 471 2586 ea
501 2543 597 2587 causa
628 2521 711 2605 quod
742 2523 928 2607 designatus
958 2522 1067 2587 consul
1097 2524 1221 2588 Drusus

30 2636 142 2681 secatae
181 2647 396 2710 praesensque
412 2634 488 2692 1111.
513 2626 699 2693 candidatos
714 2635 883 2712 praeturae
898 2627 1065 2693 duodecim
1081 2627 1221 2692 nomina·

52 2704 119 2756 ‘⁰³³¹‘
181 2732 237 2811 vit,
266 2751 432 2796 numerum
455 2733 495 2796 ab
519 2733 663 2814 Angusto
686 2732 851 2816 traditnm3
884 2739 914 2796 et
937 2731 1083 2796 hortante
1107 2738 1220 2797 senatu

180 2841 215 2898 11
241 2843 382 2917 augeret,
410 2835 477 2900 iure
503 2835 637 2899 iurando
665 2836 833 2901 obstrinxit
860 2855 894 2901 se
917 2857 981 2900 non
1004 2855 1218 2900 excessurum.

288 2937 336 3001 15.
360 2939 442 3003 Tum
462 2939 598 3022 primum
619 2961 637 3004 e
658 2960 769 3024 campo
791 2941 917 3005 comitia
936 2939 979 3003 ad
998 2946 1106 3023 patres
1121 2945 1220 3004 trans

180 3042 246 3106 lata
276 3049 362 3107 sunt:
398 3063 472 3106 nam
501 3043 544 3108 ad
574 3064 645 3108 eam
675 3043 770 3124 diem,
805 3044 864 3109 etsi
896 3043 1060 3128 potissima
1089 3043 1220 3108 arbitrio

181 3146 342 3231 principis,
367 3146 524 3228 quaedam
543 3144 650 3212 tamen
671 3146 783 3212 studiis
805 3148 941 3213 tribuum
962 3147 1091 3212 fiebant.
1115 3166 1220 3228 neque

181 3251 316 3337 populus
338 3251 521 3336 ademptum
544 3253 594 3317 111
618 3260 746 3333 questus
770 3258 818 3317 est
840 3253 900 3318 nisi
923 3252 1011 3317 inani
1030 3271 1163 3331 rumore,
1189 3258 1220 3316 et

182 3363 312 3421 senatus
331 3356 550 3439 largitionibus
571 3376 609 3421 ac
624 3357 771 3441 precibus
787 3356 922 3422 sordidis
939 3357 1100 3421 exsolutus
1117 3355 1220 3420 libens

180 3461 291 3540 tenuit,
315 3459 498 3525 moderante
518 3461 645 3525 Tiberio
668 3481 709 3525 ne
731 3461 837 3544 plnres
860 3481 954 3543 quarn
979 3467 1125 3542 quattuor
1148 3478 1219 3524 can-

181 3563 306 3629 didatos
334 3563 579 3644 commendaret,
608 3565 678 3629 sine
704 3565 831 3648 repulsa
854 3572 885 3628 11
907 3565 1028 3628 ambitu
1051 3562 1220 3647 designan-

56 3673 116 3715 num
181 3667 248 3733 dos.
294 3667 375 3732 inter
413 3688 493 3749 qnae
531 3668 648 3733 tribuni
685 3668 791 3751 plebei
829 3669 984 3752 petivere,
1022 3673 1057 3732 ut
1094 3667 1220 3750 proprio

13 3742 163 3793 “mm
182 3779 308 3856 sumptu
342 3771 471 3837 ederent
505 3771 605 3852 ludos,
640 3773 693 3855 qui
728 3771 767 3836 de
801 3773 929 3838 nomine
959 3771 1096 3854 Augusti
1129 3769 1221 3836 fastis

175 3875 280 3942 additi
305 3877 500 3962 Augustales
530 3883 724 3941 vocarentur.
772 3876 828 3942 sed
859 3875 986 3942 decreta
1015 3875 1151 3960 pecunia
1178 3895 1220 3940 cx
