2760 4214
505 148 528 186 a.
542 131 575 187 u.
588 146 611 186 e.
625 134 683 187 ror.
711 148 737 200 p.
751 130 813 186 cur.
828 134 868 187 14.
1186 113 1205 177 9

164 323 223 370 cae
249 325 367 389 parem,
395 304 440 369 ita
467 324 686 388 quaecumque
714 325 789 390 pars
811 305 872 370 sibi
896 304 1109 385 mandaretur,
1138 305 1206 370 eius

166 409 295 474 tutelam
319 415 547 493 suscepturum.
585 415 653 474 tum
674 409 805 475 Asinius
828 409 937 474 Gallus
960 409 1137 493 ‘interrogo’
1162 409 1206 472 in-

163 512 242 594 quit,
274 514 412 595 ‘Caesen
443 533 538 595 quam
567 519 690 597 partem
720 513 766 578 rei
796 513 944 598 publicae
973 511 1119 577 mandari
1148 512 1207 576 tibi

165 616 264 683 velis’.
288 617 452 700 perculsus
471 616 632 701 inprovisa
651 617 899 700 interrogatione
919 618 1048 702 paulum
1067 616 1206 699 reticuit3

169 719 243 784 dein
264 720 393 804 collecto
408 721 515 786 animo
531 720 696 805 respondit
711 741 914 804 nequaquam
931 719 1080 786 decorum
1095 718 1207 804 pudori

166 842 224 888 suo
251 825 357 909 legere
384 824 504 908 aliquid
531 831 587 889 aut
610 826 730 890 evitare
753 846 795 890 ex
818 845 866 906 eo,
896 825 945 890 cui
968 825 1001 889 in
1024 824 1207 889 universum

168 929 314 993 excusari
333 929 450 995 mallet.
474 949 598 994 rursum
614 929 724 995 Gallus
745 929 877 1016 (etenim
896 930 984 993 vultu
1000 928 1219 994 offensionem·

167 1031 413 1119 coniectaverat)
436 1055 502 1100 non
524 1033 641 1099 idcirco
664 1035 894 1118 interrogatum
916 1034 971 1114 ait,
995 1040 1030 1097 ut
1052 1032 1208 1098 divideret

169 1156 250 1217 quae
284 1138 426 1221 separari
463 1138 645 1220 nequirent,
685 1137 743 1203 sed
777 1144 809 1202 et
843 1158 901 1203 sua
939 1136 1138 1202 confessione
1175 1143 1208 1200 ut

166 1247 361 1323 argueretur,
389 1263 487 1307 unum
515 1262 585 1308 esse
612 1242 658 1307 rei
685 1242 833 1326 publicae
859 1262 974 1326 corpus
995 1247 1092 1324 atque
1114 1240 1208 1305 unius

170 1343 277 1409 animo
299 1345 483 1429 regendum.
507 1345 632 1410 addidit
655 1345 782 1411 laudem
805 1344 846 1410 de
867 1346 1012 1430 Augusto
1034 1344 1208 1410 Tiberium·

165 1467 228 1528 que
250 1448 355 1532 ipsum
382 1450 584 1515 victoriarum
611 1470 739 1515 suarum
762 1470 907 1532 quaeque
929 1450 962 1514 iu
986 1456 1062 1533 toga
1083 1469 1140 1534 per
1162 1455 1207 1513 tot

164 1571 267 1618 annos
297 1554 425 1638 egregie
455 1553 583 1619 fecisset
612 1552 786 1619 admonuit.
833 1573 893 1618 nee
926 1552 998 1619 ideo
1028 1553 1108 1617 iram
1140 1553 1208 1617 eius

166 1655 288 1738 lenivit,
311 1656 434 1741 pridem
456 1657 588 1741 invisus,
612 1664 775 1740 tamquam
798 1657 894 1723 ducta
916 1658 949 1722 in
972 1656 1208 1722 matrimonium

165 1759 321 1844 Vipsania
342 1761 383 1824 ll.
405 1761 567 1846 Agrippae
589 1761 665 1844 filia,
695 1783 777 1844 quae
801 1761 961 1844 quondam
984 1761 1104 1826 Tiberii
1126 1780 1208 1825 uxor

166 1861 280 1944 fuerat,
313 1865 385 1948 plus
419 1886 513 1947 quarn
548 1866 655 1931 civilia
688 1865 825 1950 agitaret
858 1866 1073 1949 Pollionisque
1103 1864 1207 1930 Asinii

165 1967 265 2050 patris
287 1968 438 2034 ferociam
461 1970 620 2036 retineret.

272 2072 321 2137 13.
346 2074 421 2138 Post
433 2094 516 2156 quae
531 2076 567 2139 L.
583 2074 751 2140 Arruntius
771 2074 858 2139 haud
874 2075 1007 2139 multum
1022 2073 1208 2158 discrepans
1239 2080 1368 2136 araucas,

164 2193 186 2237 a
219 2175 302 2240 Galli
335 2179 477 2244 oratione
511 2178 644 2264 perinde
677 2179 820 2261 offendit,
855 2200 1046 2262 quamquam
1079 2177 1207 2243 Tiberio

166 2278 255 2343 nulla
279 2286 374 2346 vetus
400 2281 434 2346 in
456 2283 642 2348 Arruntium
670 2284 731 2367 ira3
763 2282 820 2348 sed
847 2282 988 2363 divitem,
1016 2288 1207 2367 promptum,

167 2381 290 2449 artibus
309 2386 446 2470 egregiis
463 2393 495 2451 et
510 2387 580 2471 pari
595 2387 682 2451 fama
696 2387 832 2471 publice,
853 2388 1065 2472 suspectabat.
1091 2387 1207 2469 quippe

166 2486 329 2572 Augustus
360 2491 516 2575 supremis
545 2491 744 2556 sermonibus
779 2511 850 2556 cum
884 2497 1044 2571 tractaret,
1078 2490 1209 2572 quinam

166 2589 301 2676 adipisci
320 2594 497 2679 principem
517 2596 620 2660 locum
640 2596 802 2660 suffecturi
817 2595 995 2661 abnuerent
1009 2600 1065 2659 aut
1080 2595 1209 2678 inpares

167 2697 287 2762 vellent
314 2697 366 2763 vel
393 2697 479 2763 idem
501 2705 632 2783 possent
655 2705 880 2783 cuperentque,
908 2699 960 2763 Μ’.
984 2697 1142 2782 Lepidum
1165 2697 1209 2762 di·

168 2808 261 2867 xerat
276 2821 427 2887 capacem
442 2802 500 2868 sed
513 2809 748 2887 aspernantem,
772 2802 898 2867 Gallum
914 2802 1059 2871 Asinium
1078 2800 1209 2866 avidum

168 2912 202 2972 et
230 2906 393 2987 minorem,
424 2907 460 2971 L.
488 2906 673 2971 Arruntium
700 2927 765 2972 non
792 2905 961 2990 indiguum
989 2913 1030 2987 et,
1061 2906 1088 2972 si
1116 2926 1209 2970 casus

166 3009 305 3092 daretur,
329 3030 488 3075 ausurum.
512 3008 553 3074 de
576 3009 731 3094 prioribus
755 3011 959 3092 consentitur,
983 3030 1039 3094 pro
1059 3009 1209 3074 Arruntio

168 3113 298 3197 quidam
322 3114 379 3180 On.
396 3113 544 3179 Pisonem
565 3112 738 3198 tradidere;
770 3134 944 3196 omnesque
971 3120 1097 3198 praeter
1118 3112 1209 3196 Lepi·

167 3216 245 3283 dum
267 3219 364 3284 variis
386 3238 460 3282 mox
484 3217 669 3283 criminibus
691 3224 832 3283 struente
852 3218 979 3283 Tiberio
1002 3216 1208 3282 circumventi

169 3329 252 3388 sunt.
281 3323 378 3388 etiam
393 3321 431 3398 Q.
448 3322 599 3386 Haterius
620 3328 651 3386 et
665 3321 843 3387 Mamercus
859 3323 996 3388 Scaurus
1012 3321 1209 3404 suspicacem
1254 3325 1358 3379 selecta

167 3427 309 3493 animum
332 3426 556 3510 perstrinxere,
584 3427 734 3491 Haterius
762 3447 833 3491 eum
855 3425 990 3491 dixisset
1013 3428 1208 3506 ‘quousque
1253 3396 1360 3510 affin„

168 3530 308 3615 patieris,
333 3531 461 3612 Caesar,
485 3550 548 3595 uon
571 3529 685 3596 adesse
709 3537 804 3615 eaput
826 3531 872 3595 rei
895 3528 1086 3614 publicael’,
1115 3529 1209 3594 Scau-

168 3654 223 3699 rus
245 3635 321 3717 quia
343 3633 477 3716 dixerat,
501 3654 590 3719 spem
611 3654 682 3699 esse
698 3655 740 3700 ex
760 3655 797 3700 eo
817 3655 880 3700 non
901 3634 1012 3699 inritas
1033 3632 1100 3697 fore
1120 3652 1209 3697 sena-

170 3743 221 3803 tus
254 3758 379 3822 preces,
418 3737 503 3821 quod
540 3738 686 3804 relationi
720 3738 884 3804 consulum
918 3738 986 3801 iure
1020 3736 1212 3801 tribuniciae

168 3841 335 3926 potestatis
354 3862 418 3907 non
440 3842 680 3910 intercessisset.
705 3843 740 3910 in
755 3843 929 3911 Haterium
946 3841 1065 3909 statim
1076 3839 1242 3904 insectus
