2760 4214
399 206 422 243 a.
436 189 469 245 U.
482 205 504 244 o.
519 191 606 258 rosso.
633 207 659 258 p.
673 188 735 244 Chr.
750 191 836 256 15l16.
1088 172 1130 236 45

96 363 249 429 Phraates
279 384 469 447 quamquam
499 362 671 448 depulisset
701 364 858 428 exercitus
888 362 1047 446 ducesque
1073 364 1132 427 Ro·

96 488 216 548 manos,
251 475 363 532 cuneta
396 468 615 534 venerantium
649 467 754 533 officia
787 467 829 532 ad
854 468 1032 551 Augustum
1066 487 1133 532 ver-

96 578 178 637 terat
198 579 383 656 partemque
406 573 502 656 prolis
525 571 697 636 firmandae
713 571 871 636 amicitiae
886 571 1024 651 miserat,
1048 570 1133 634 haud

95 676 228 761 perinde
249 677 347 742 nostri
369 685 456 742 metu
479 697 573 759 quam
596 675 670 740 fidei
692 677 889 760 popularium
913 675 1044 740 diffisus.

184 779 213 844 2.
237 781 313 846 Post
335 780 431 846 finem
447 780 593 845 Phraatis
616 788 647 846 et
669 780 868 863 sequentium
891 800 1001 864 regum
1025 779 1065 845 ob
1088 779 1134 842 in·
1169 777 1235 822 &¹¹¹⁸
1250 779 1290 822 ae·

97 891 204 950 ternas
227 884 342 950 caedes
366 905 483 950 venere
506 884 539 948 in
563 884 673 949 urbem
694 884 792 967 legati
820 884 1046 968 aprimoribus
1062 884 1134 947 Par·
1166 848 1295 968 mugi

96 987 170 1069 this,
194 988 247 1070 qui
259 988 423 1053 Vononem
448 987 695 1053 vetustissimum
719 987 886 1052 liberorum
903 988 970 1052 eius
985 987 1132 1052 accirent.
1172 991 1276 1108 vagg&

96 1092 300 1175 magnifieum
323 1092 357 1156 id
379 1092 440 1158 sibi
464 1090 597 1157 credidit
620 1093 737 1158 Caesar
759 1093 912 1174 auxitque
936 1092 1056 1176 opibus.
1104 1099 1136 1156 et
1278 1087 1284 1100 ’

96 1215 247 1279 accepere
277 1196 404 1260 barbari
434 1195 598 1276 laetantes,
629 1202 664 1259 ut
691 1195 789 1261 ferme
818 1195 860 1259 ad
887 1215 971 1260 nova
993 1196 1133 1279 imperia.

97 1319 173 1363 mox
195 1299 292 1364 subiit
314 1298 429 1383 pudor:
461 1298 705 1383 degeneravisse
728 1298 876 1384 Parthos,
908 1299 1042 1383 petitum
1071 1300 1133 1365 alio

98 1424 139 1468 ex
161 1403 237 1468 orbe
259 1423 377 1486 regem,
400 1402 537 1467 hostium
559 1403 680 1468 artibus
702 1402 868 1487 infectum,
892 1403 954 1467 iam
970 1404 1052 1468 inter
1068 1424 1135 1486 pro-

96 1507 220 1572 vincias
235 1508 394 1572 Romanas
415 1507 527 1573 solium
543 1505 766 1572 Arsacidarum
783 1506 891 1571 haberi
908 1506 1046 1589 darique.
1079 1507 1134 1571 ubi

96 1612 184 1675 illam
213 1611 344 1695 gloriam
376 1610 600 1675 trucidantium
624 1612 782 1691 Crassum,
814 1611 1049 1676 exturbantium
1071 1611 1134 1674 An-

98 1716 229 1795 tonium,
254 1715 281 1779 si
303 1715 494 1798 mancipium
512 1715 666 1795 Caesaris,
691 1721 737 1779 tot
758 1735 815 1798 per
834 1734 934 1779 annos
950 1714 1134 1778 servitutem

97 1838 292 1903 perpessum,
315 1818 441 1884 Parthis
463 1818 642 1902 imperitet?
666 1817 861 1883 accendebat
877 1817 1087 1902 dedignantes
1103 1824 1135 1882 et

98 1923 167 2006 ipse
196 1920 339 1988 diversus
369 1943 390 1986 a
419 1923 570 1987 maiorum
600 1922 761 1999 institutis,
793 1943 862 1986 raro
885 1930 1013 2002 venam,
1044 1922 1135 2006 segni

100 2046 251 2108 equorum
282 2046 370 2109 cura,
405 2026 550 2108 quotiens
582 2047 639 2108 per
671 2025 766 2091 urbes
799 2024 969 2106 incederet,
1003 2026 1134 2091 lecticae

98 2130 275 2213 gestamine
297 2129 443 2212 fastuque
467 2150 544 2212 erga
566 2130 684 2213 patrias
707 2130 825 2213 epulas.
863 2129 1082 2196 inridebantur
1104 2137 1135 2194 et

99 2232 213 2297 Graeci
236 2233 365 2298 comites
388 2253 426 2297 ac
448 2233 601 2297 vilissima
624 2233 803 2297 utensilium
819 2232 913 2297 anulo
930 2234 1045 2298 clausa.
1078 2232 1134 2298 sed

79 2336 236 2421 prompti
258 2334 374 2417 aditus,
404 2337 498 2400 obvia
521 2336 662 2416 comitas,
693 2337 820 2419 ignotae
842 2336 968 2400 Parthis
991 2337 1133 2416 virtutae,

98 2459 183 2504 nova
198 2440 289 2525 vitia3
306 2448 338 2505 et
361 2441 434 2522 quia
449 2441 587 2525 ipsorum
603 2441 742 2505 moribus
753 2441 867 2521 aliena,
884 2440 1015 2532 perinde
1028 2441 1133 2505 odium

98 2543 208 2628 pravis
231 2550 263 2608 et
284 2544 435 2610 honestis.

184 2648 213 2712 3.
237 2648 338 2732 Igitur
360 2649 541 2713 Artabanus
564 2647 787 2713 Arsacidarum
818 2669 835 2712 e
866 2648 1021 2731 sanguine
1048 2646 1134 2731 apud
1205 2649 1252 2692 ²³⁰ss

99 2752 209 2817 Dahas
231 2750 357 2816 adultus
380 2751 512 2832 excitur,
536 2752 699 2834 primoque
720 2771 890 2835 congressu
905 2750 994 2816 fusus
1009 2759 1135 2835 reparat
1167 2718 1293 2840 {dm

99 2857 183 2922 vires
206 2876 366 2940 regnoque
389 2856 513 2939 potitur.
550 2857 632 2919 victo
645 2856 768 2919 Vononi
792 2855 969 2939 perfugium
986 2857 1135 2921 Armenia
1161 2857 1293 2936 nuceram

100 2960 170 3041 fuit,
200 2980 302 3025 vacua
331 2968 406 3024 tuno
436 2960 579 3041 interque
602 2959 788 3023 Parthorum
816 2967 847 3023 ct
869 2961 1028 3025 Romanas
1058 2981 1134 3044 opes
1173 2927 1288 3049 Ἥξη

99 3063 200 3127 infida
228 3064 269 3128 ob
300 3065 401 3128 scelus
425 3063 563 3143 Antonii,
595 3063 648 3145 qui
671 3063 870 3128 Artavasden
898 3085 1006 3147 regem
1028 3065 1134 3130 Arme-

101 3167 222 3231 niorum
246 3167 351 3250 speeie
374 3167 532 3231 amicitiae
548 3167 708 3246 inlectum,
733 3165 805 3231 dein
823 3168 944 3233 catenis
960 3174 1134 3249 oneratum,

99 3278 259 3356 postremo
282 3270 491 3337 interfecerat.
531 3271 598 3336 cius
621 3270 703 3335 filius
726 3271 885 3352 Artaxias,
909 3272 1060 3336 memoria
1082 3293 1134 3354 pa-

100 3376 157 3441 tn's
186 3376 279 3441 nobis
309 3375 461 3457 infensus,
497 3375 719 3440 Arsacidarum
750 3376 782 3439 vi
813 3396 909 3457 seque
939 3396 1134 3457 regnumque

101 3486 221 3545 tutatus
251 3486 307 3544 est.
354 3480 456 3545 occiso
488 3480 621 3544 Artaxia
651 3501 707 3564 per
741 3479 845 3544 dolum
880 3478 1134 3563 propinquorum,

101 3583 194 3649 datus
216 3604 237 3648 a
260 3584 395 3649 Caesare
418 3584 575 3649 Armeniis
598 3584 752 3667 Tigranes
775 3582 990 3664 deductusque
1013 3584 1045 3647 in
1069 3604 1135 3665 reg-

101 3708 177 3752 num
199 3708 219 3751 a
240 3688 366 3753 Tiberio
380 3688 515 3753 Nerone.
539 3709 599 3753 nec
613 3688 743 3771 Tigrani
766 3686 947 3751 diuturnum
970 3688 1134 3771 imperium

101 3791 161 3856 luit
183 3813 284 3875 neque
307 3792 414 3858 liberis
438 3792 515 3872 cius,
540 3813 728 3874 quamquam
753 3791 879 3856 sociatis
902 3812 987 3856 more
1003 3797 1134 3856 cxterno
1185 3793 1188 3799 ’

101 3895 135 3959 in
158 3896 391 3961 matrimonium
410 3917 615 3981 regnumque.
