2760 4214
152 170 194 235 68
397 185 446 240 Ab
466 201 579 240 excessu
596 186 630 240 D.
643 185 770 254 Augusti
788 186 816 239 II
834 188 948 243 ‹rs-52.

152 360 315 445 locupletis
346 360 525 441 intestatae,
555 359 655 445 petita
684 359 718 424 in
747 359 869 440 fiscum,
899 359 1035 425 Aemiho
1058 358 1190 443 Lepido,

153 466 241 530 cuins
268 484 285 528 e
312 464 405 530 domo
429 463 606 546 videbatur,
637 470 669 529 et
690 464 837 529 Pantulei
860 462 969 528 divitis
991 462 1108 545 equitis
1130 464 1190 528 Ro·

153 570 239 633 mani
260 567 479 649 hereditatem,
503 588 693 651 quamquam
714 569 783 652 ipse
806 567 899 633 heres
918 567 950 631 in
966 573 1057 651 parte
1072 567 1192 651 legere-

152 679 212 755 tur,
235 672 366 738 tradidit
387 673 428 736 Μ.
445 672 590 754 Servilio,
613 691 707 755 quem
729 672 886 756 prioribus
908 691 1012 754 neque
1035 671 1191 755 suspectis

152 777 268 842 tabulis
282 777 434 861 scriptum
449 783 653 862 compererat,
670 776 868 841 nobilitatem
879 776 1041 858 utriusque
1052 775 1190 859 pecunia

154 880 325 947 iuvandam
347 880 518 965 praefatus.
545 900 650 963 neque
672 880 882 946 hereditatem
904 880 1089 962 cuiusquam
1111 878 1192 944 adiit

154 985 216 1050 nisi
249 1005 320 1050 cum
353 985 493 1049 amicitia
522 985 701 1050 meruisset:
735 985 860 1068 ignotos
890 991 922 1050 et
951 983 1023 1049 aliis
1049 982 1192 1049 infensos

155 1109 255 1171 eoque
277 1087 453 1173 prinoipem
476 1095 696 1172 nuncupantes
718 1088 826 1172 procul
841 1089 979 1153 arcebat.
1004 1094 1143 1153 ceterum
1158 1093 1194 1152 ιιι

155 1192 321 1258 honestam
343 1192 559 1257 innocentium
581 1198 803 1276 paupertatem
825 1192 954 1273 levavit,
977 1192 1023 1256 ita
1044 1190 1194 1276 prodigos

156 1303 187 1361 et
209 1297 249 1361 ob
272 1295 394 1378 flagitia
416 1302 557 1379 egentes,
587 1295 750 1360 Vibidium
766 1296 943 1376 Virronem,
975 1296 1110 1360 Marium
1132 1297 1193 1360 Ne-

156 1407 271 1485 potem,
300 1399 440 1483 Appium
463 1399 655 1483 Appianum,
689 1399 869 1465 Cornelium
892 1399 1020 1480 Sullam,
1045 1398 1082 1475 Q.
1097 1398 1193 1464 Vitel-

156 1504 241 1586 lium,
263 1504 362 1568 movit
384 1509 497 1569 senatu
519 1510 575 1568 aut
597 1509 710 1588 sponte
678 1503 846 1568 toedere
868 1523 982 1587 passus
1006 1509 1063 1568 est.

11 1601 134 1653 ¹³¹⁰²¹l¹¹¹¹⁸
241 1607 293 1672 49.
317 1607 460 1673 Isdemt
448 1607 641 1691 temporibus
656 1607 750 1672 deum
765 1608 932 1672 aedest
878 1628 918 1675 ve
920 1613 1036 1672 tustate
1052 1612 1106 1671 aut
1122 1607 1191 1690 igni

4 1676 117 1793 sedhhc
155 1711 290 1777 abolitas
313 1717 503 1796 coeptasque
526 1712 566 1775 ab
588 1712 732 1795 Augusto
700 1710 932 1792 tdedioavit,
963 1711 1078 1776 Libero
1102 1711 1194 1776 Libe-

156 1822 322 1898 raequeet
308 1815 443 1882 tCerori
458 1816 548 1880 iuxta
570 1816 687 1880 circum
709 1816 893 1897 maximum,
918 1835 1012 1898 quam
1032 1815 1070 1880 A
1086 1815 1196 1880 Postu·

158 1921 239 1985 mius
268 1919 402 1985 dictator
429 1925 570 2000 voverat,
601 1919 806 2002 eodemque
798 1941 831 1983 m
853 1921 922 1985 loco
944 1919 1058 1984 aedem
1079 1920 1194 1985 Florae

157 2024 198 2088 ab
228 2023 325 2086 Lucio
357 2029 388 2086 et
416 2023 522 2086 Marco
551 2023 702 2088 Publiciis
731 2022 888 2088 aedilibus
918 2023 1131 2106 constitutam,
1163 2029 1195 2088 et

158 2129 235 2192 Iano
265 2125 427 2209 templum,
459 2125 543 2208 quod
572 2127 659 2210 apud
684 2126 787 2192 forum
809 2127 988 2192 hohtorium
1011 2127 1045 2192 G.
1069 2127 1196 2193 Duilius

158 2235 326 2310 struxerat,
349 2230 404 2311 qui
425 2229 544 2313 primus
559 2250 626 2294 rem
640 2232 818 2296 Romanam
833 2251 982 2315 prospere
998 2231 1077 2294 mari
1092 2231 1194 2314 gessit

157 2333 413 2418 triumphumque
435 2333 583 2397 navalem
604 2332 645 2399 de
668 2335 783 2401 Poenis
805 2335 927 2399 meruit.
953 2335 1028 2419 Spei
1051 2334 1151 2400 aedes
1172 2356 1193 2399 a

158 2437 345 2503 Germanico
361 2443 515 2502 sacratur.
539 2437 621 2502 hanc
635 2440 673 2504 A
690 2439 805 2504 Atilius
821 2445 952 2504 voverat
940 2437 1081 2504 teodem
1097 2438 1190 2504 bello.

4 2536 73 2590 ‘⁰⁸⁰3
86 2535 130 2582 ”¹¹⁸
243 2541 295 2606 50
311 2541 523 2607 Adolescebat
510 2542 660 2606 tinterea
674 2542 726 2606 lex
742 2543 841 2608 maies
843 2543 926 2608 attis.
955 2549 987 2607 et
1002 2542 1194 2627 Appuleiam

7 2607 121 2729 merum,
158 2646 319 2728 Varillam,
343 2647 457 2713 sororis
471 2647 604 2730 August
597 2669 607 2710 1
622 2653 760 2731 neptem,
782 2647 857 2729 quia
872 2646 1032 2731 probrosis
1047 2647 1197 2711 sermoni·

0 2756 29 2792 ἰ’
42 2746 134 2791 ”mli
158 2751 217 2816 hus
239 2749 349 2814 divum
370 2751 549 2834 Augustum
576 2770 614 2814 ac
635 2750 851 2815 Tiberiumet
838 2757 1005 2814 tmatrem
1029 2750 1097 2814 eius
1119 2749 1196 2814 inlu·

158 2855 250 2919 sisset
272 2853 464 2934 Caesarique
494 2873 617 2918 conexa
637 2853 793 2918 adulterio
816 2860 985 2935 teneretur,
1015 2853 1192 2917 maiestatis

159 2957 278 3022 delator
306 2957 496 3021 arcessebat.
535 2955 575 3021 de
604 2956 758 3024 adulterio
789 2957 865 3022 satis
888 2958 994 3022 caveri
1016 2957 1089 3040 lege
1112 2956 1194 3021 Iulia

160 3062 276 3127 visum:
299 3060 475 3126 maiestatis
490 3060 608 3125 crimen
623 3060 776 3145 distingui
792 3062 910 3127 Cacsar
924 3060 1095 3145 postulavit
1111 3059 1196 3124 dam-

159 3164 301 3246 narique,
332 3163 359 3229 si
389 3185 452 3246 qua
481 3163 522 3229 de
543 3166 687 3249 Augusto
715 3165 897 3249 inreligiose
919 3164 1068 3230 dixisset:
1104 3164 1138 3228 in
1161 3183 1196 3229 se

159 3270 243 3334 iacta
268 3268 351 3333 nolle
378 3267 419 3331 ad
442 3269 654 3353 cognitionem
676 3269 792 3334 vocari.
830 3270 1041 3353 interrogatus
1071 3289 1092 3333 a
1124 3288 1195 3332 con-

159 3373 236 3455 sule,
260 3371 336 3454 quid
359 3371 462 3457 deliis
485 3380 637 3454 censeret,
661 3393 742 3455 quae
765 3373 804 3439 de
827 3380 928 3438 matre
948 3373 1016 3439 eius
1030 3373 1136 3438 locuta
1150 3392 1196 3438 se-

160 3497 215 3542 cus
237 3482 428 3560 argueretur,
451 3477 589 3561 reticuit3
620 3475 695 3541 dein
717 3478 861 3562 proximo
884 3483 1015 3543 senatus
1037 3475 1089 3541 die
1111 3476 1196 3541 illius

160 3600 284 3663 quoque
306 3581 433 3645 nomine
455 3580 568 3661 oravit,
590 3601 632 3646 ne
648 3580 697 3645 cui
712 3582 812 3646 verba
825 3581 859 3645 iu
875 3601 945 3646 eam
961 3578 1197 3662 quoquomodo

160 3683 269 3748 habita
291 3682 414 3747 crimini
434 3682 548 3748 forent.
582 3683 791 3766 liberavitque
806 3683 996 3769 Appuleiam
1010 3682 1082 3765 lege
1102 3682 1197 3748 maie

160 3787 264 3852 statis:
280 3785 425 3851 adulterii
439 3787 619 3871 graviorem
633 3806 770 3871 poenam
784 3786 982 3871 deprecatus,
999 3792 1034 3851 ut
1047 3786 1195 3871 exemplo

156 3890 311 3954 maiorum
341 3890 530 3976 propinquis
563 3891 629 3958 suis
661 3892 743 3956 ultra
776 3891 1026 3956 ducentesimum
1056 3889 1197 3974 lapidem
