2760 4214
254 174 317 238 154
484 190 533 245 Ab
553 206 668 245 excessu
687 191 720 245 D.
735 191 862 262 Augusti
879 193 920 248 IV
939 197 1050 249 56-60.

251 364 422 429 adstabant
452 364 630 430 detraxisse
654 366 774 449 corpori
797 367 938 450 tegmina
960 367 1139 449 nostrisque
1162 367 1299 450 legioni-

252 470 311 534 bus
343 469 474 535 misisse.
520 470 566 533 ita
599 470 701 553 rogati
735 470 927 535 sententiam
956 477 1063 555 patres
1093 472 1298 553 Zmyrnaeos

252 574 439 658 praetulere.
486 573 672 655 censuitque
703 573 816 638 Vibius
846 575 979 655 Marsus,
1009 581 1045 638 ut
1075 575 1126 638 M'.
1158 573 1296 658 Lepido,

252 678 303 742 cui
326 697 365 741 ea
393 678 558 761 provincia
587 677 771 758 obvenerat,
803 698 897 762 super
927 699 1093 743 numerum
1122 679 1296 762 legaretur,

252 780 307 862 qui
337 781 446 865 templi
478 801 585 845 curam
613 781 795 865 susciperet.
835 790 867 846 et
889 782 964 864 quia
986 782 1126 866 Lepidus
1150 782 1218 866 ipse
1241 781 1294 847 de

251 885 351 968 ligere
382 905 439 968 per
468 883 657 950 modestiam
687 887 859 966 abnuebat,
887 887 1032 951 Valerius
1054 887 1141 951 Naso
1165 905 1183 949 e
1205 906 1298 970 prae·

253 988 341 1052 toriis
364 994 448 1054 sorte
471 988 585 1054 missus
609 996 666 1054 est.

106 1097 211 1143 sisenna
341 1091 391 1156 57.
417 1093 504 1157 Inter
527 1113 607 1175 quae
631 1092 685 1158 diu
707 1091 859 1158 meditato
874 1094 1059 1177 prolatoque
1079 1093 1207 1177 saepius
1223 1115 1297 1160 con-

92 1167 223 1288 ³‘⁸¹„‘:,⁸,“⁶'
254 1195 323 1260 silio
354 1195 482 1260 tandem
515 1197 632 1262 Caesar
666 1197 698 1261 in
729 1197 948 1281 Campaniam,
983 1197 1088 1281 specie
1123 1197 1297 1262 dedicandi

85 1305 227 1360 sompnum.
254 1301 372 1384 templa
402 1300 488 1385 apud
516 1301 657 1384 Capuam
681 1301 759 1381 Iovi,
790 1300 877 1384 apud
907 1301 1021 1364 Nolam
1051 1301 1205 1386 Augusto,
1237 1302 1297 1368 sed

254 1411 357 1469 certus
379 1405 488 1488 procul
511 1407 588 1470 urbe
611 1403 737 1487 degere.
766 1424 894 1469 causam
910 1404 1077 1470 abscessus
1099 1425 1294 1488 quamquam

253 1515 380 1574 secutus
402 1509 554 1592 plurimos
576 1516 739 1573 auctorum
761 1507 803 1572 ad
827 1508 934 1574 Seiani
961 1516 1045 1574 artes
1071 1509 1187 1592 rettuli,
1219 1510 1298 1591 quia

252 1620 359 1677 tamen
383 1611 481 1677 caede
504 1613 571 1677 eius
594 1618 719 1697 patrata
742 1633 799 1677 sex
823 1619 934 1697 postea
956 1632 1057 1677 annos
1079 1613 1149 1697 pari
1172 1620 1296 1678 secreto

254 1717 428 1797 coniunxit,
459 1718 644 1801 plerumque
667 1736 862 1801 permoveor,
895 1737 971 1780 num
993 1715 1035 1780 ad
1056 1717 1162 1800 ipsum
1184 1716 1295 1781 referri

253 1821 359 1886 verius
389 1821 439 1902 sit,
471 1821 636 1885 saevitiam
665 1840 702 1884 ac
724 1819 890 1884 libidinem
914 1840 986 1884 cum
1009 1820 1104 1884 factis
1126 1826 1296 1903 promeret,

253 1925 330 1990 locis
353 1926 572 1990 occultantem.
608 1930 698 1990 erant
721 1925 775 2006 qui
798 1924 964 1989 crederent
985 1925 1019 1988 in
1043 1929 1207 1988 senectute
1230 1944 1294 1988 cor·

254 2030 339 2112 poris
362 2049 486 2110 quoque
509 2028 651 2093 habitum
674 2028 787 2112 pudori
809 2028 922 2093 fuisse:
947 2028 1065 2111 quippe
1086 2027 1132 2091 illi
1147 2047 1294 2111 praegra-

255 2133 323 2197 cilis
346 2140 377 2196 et
400 2133 532 2196 incurva
551 2132 732 2216 proceritas,
756 2131 861 2196 nudus
877 2132 990 2216 capillo
1006 2137 1128 2211 vertex,
1151 2131 1298 2195 ulcerosa

254 2235 353 2300 facies
368 2256 407 2300 ac
422 2236 606 2320 plerumque
622 2236 885 2301 medicaminibus
908 2236 1119 2319 interstincta3
1144 2241 1175 2299 et
1190 2233 1296 2299 Rhodi

255 2347 376 2406 secroto
399 2341 500 2405 vitare
524 2346 641 2420 coetus,
664 2340 835 2404 recondere
858 2341 1036 2423 voluptates
1058 2339 1208 2404 insuerat.
1236 2345 1250 2402 t
1285 2375 1297 2385 -

256 2442 340 2508 ditur
369 2444 465 2508 etiarn
495 2445 604 2509 matris
627 2444 803 2528 inpotentia
826 2450 998 2524 extrusum,
1030 2463 1125 2525 quam
1155 2442 1300 2507 domina-

255 2549 350 2613 tionis
372 2549 491 2614 sociam
513 2549 743 2632 aspernabatur
765 2567 868 2629 neque
892 2546 1051 2631 depellere
1065 2552 1199 2632 poterat,
1224 2566 1296 2610 cum

256 2651 502 2716 dominationem
524 2652 627 2736 ipsam
651 2651 768 2716 donum
791 2652 859 2716 eius
874 2651 1058 2735 accepisset.
1083 2671 1157 2714 nam
1174 2648 1298 2714 dubita-

255 2764 346 2821 verat
367 2757 530 2840 Augustus
553 2756 785 2836 Germanicum,
810 2756 923 2820 sororis
946 2761 1095 2839 nepotem
1119 2759 1150 2818 et
1173 2753 1298 2818 cunctis

255 2859 429 2941 laudatum,
459 2859 505 2923 rei
527 2861 689 2924 Romanae
719 2860 890 2944 imponere,
922 2858 979 2923 sed
1009 2858 1157 2943 precibus
1186 2857 1298 2922 uxoris

257 2966 379 3029 evictus
401 2963 528 3027 Tiberio
551 2964 783 3044 Germanicum,
808 2963 869 3029 sibi
891 2964 1054 3028 Tiberium
1076 2961 1222 3027 adscivit.
1250 2959 1297 3024 id-

258 3089 318 3152 que
340 3068 485 3150 Augusta
507 3069 728 3152 exprobrabat,
751 3068 947 3150 reposcebat.

133 3172 190 3217 &²¹¹¹
344 3171 395 3236 58.
419 3170 577 3236 Profectio
600 3179 667 3237 arto
691 3172 840 3236 comitatu
863 3171 937 3236 fuit:
969 3191 1051 3235 unus
1074 3175 1202 3235 senator
1225 3188 1296 3232 con-

84 3243 514 3381 cdddddussulatufu¹1⁰ffl⁵²
538 3276 690 3340 Cocceius
705 3276 822 3355 Nerva,
847 3275 896 3339 cui
918 3275 1025 3358 legum
1048 3272 1172 3358 peritia,
1197 3291 1298 3353 eques

91 3397 233 3448 cetorum
257 3383 418 3445 Romanus
440 3384 566 3463 praeter
581 3378 731 3444 Seianum
754 3397 795 3442 ex
818 3378 1002 3442 inlustribus
1018 3378 1145 3442 Curtius
1160 3375 1296 3456 Atticus,

104 3467 219 3589 ”3³:3¹5
259 3485 354 3549 ceteri
375 3483 559 3548 liberalibus
581 3481 693 3546 studiis
715 3480 861 3565 praediti,
885 3481 983 3546 ferme
1006 3481 1130 3560 Graeci,
1162 3499 1297 3561 quorum

258 3588 454 3653 sermonibus
469 3587 637 3652 levaretur.
667 3584 814 3650 ferebant
836 3586 929 3669 periti
952 3585 1136 3650 caelestium
1152 3583 1192 3648 iis
1207 3583 1298 3647 moti-

258 3694 316 3758 bus
347 3690 484 3757 siderum
515 3690 691 3756 excessisse
713 3691 815 3755 Roma
837 3690 1009 3769 liberium,
1041 3694 1075 3752 ut
1101 3687 1222 3753 reditus
1249 3687 1297 3751 illi

252 3802 434 3882 negaretur.
458 3795 543 3860 unde
567 3795 656 3860 exitii
679 3815 776 3860 causa
798 3794 905 3858 multis
927 3794 986 3858 fuit
1008 3812 1177 3877 properum
1199 3791 1299 3856 finem

244 3904 333 3971 vitae
369 3903 634 3972 coniectantibus
667 3899 955 3988 urgentibusque,
981 3917 1087 3977 neque
1117 3896 1203 3959 enim
1230 3902 1299 3960 tam
