2760 4214
168 127 188 190 6
427 142 476 196 Ab
495 157 609 196 excessu
626 142 660 195 D.
674 141 799 211 Augusti
819 142 832 195 Ι
851 145 945 198 s-lo.

169 318 349 384 cohortibus
372 317 487 383 civium
510 319 722 382 Romanorum
749 323 893 381 trecenos
920 335 1064 382 nummos
1087 314 1209 380 viritim

168 421 264 486 dedit.
304 428 370 486 tum
397 422 606 486 consultatum
629 421 670 487 de
691 420 876 504 honoribus;
905 441 947 487 ex
970 421 1041 503 quis
1064 418 1118 502 qui
1144 439 1211 484 ma-

169 527 255 591 xime
276 525 418 608 insignes
441 525 511 606 visi,
538 532 573 590 ut
595 532 686 610 porta
708 524 890 608 triumphali
912 523 1080 589 duceretur
1101 523 1211 604 funus,

169 631 278 696 Gallus
301 630 441 711 Asinius,
469 636 503 694 ut
525 630 632 714 legum
654 630 787 694 latarum
811 629 902 710 tituli,
927 628 1082 693 victamm
1105 627 1147 691 ab
1172 647 1211 692 eo

168 735 309 820 gentium
337 734 493 799 vocabula
519 733 761 815 anteferrentur,
791 734 827 799 L.
848 733 1016 798 Arruntius
1044 750 1208 796 censuere.

167 838 308 904 addebat
329 838 477 903 Messalla
497 838 642 902 Valerius
664 836 882 903 renovandum
905 857 961 923 per
983 856 1086 902 annos
1108 855 1212 900 sacra»

65 958 70 965 ·
168 948 310 1008 mentum
341 942 373 1005 in
404 962 518 1006 nomen
549 942 682 1026 Tiberii3
718 941 991 1025 interrogatusque
1020 961 1041 1004 a
1069 938 1209 1021 Tiberio,

169 1067 245 1111 num
272 1066 307 1110 se
334 1045 505 1110 mandante
532 1066 603 1111 eam
630 1046 821 1110 sententiam
848 1045 1065 1129 prompsisset,
1095 1050 1211 1128 sponte

169 1150 290 1215 dixisse
316 1149 489 1234 respondit,
519 1170 623 1231 neque
650 1149 683 1214 in
710 1150 749 1215 iis
777 1170 858 1231 quae
886 1148 928 1213 acl
954 1170 1022 1215 rem
1048 1148 1211 1233 publicam

169 1253 364 1339 pertinerent
391 1253 520 1318 consilio
547 1253 609 1318 nisi
637 1274 692 1318 suo
720 1274 859 1334 usurum,
887 1253 939 1318 vel
967 1273 1047 1340 cum·
1067 1251 1210 1336 periculo

169 1357 367 1424 offensionis:
397 1377 434 1421 ea
461 1357 527 1422 sola
554 1357 677 1440 species
699 1356 850 1421 adulandi
878 1362 1049 1441 supererat.
1089 1355 1210 1420 concla-

169 1469 259 1527 mant
285 1468 392 1546 patres
419 1480 531 1544 eorpus
554 1460 596 1524 ad
622 1481 733 1544 rogum
760 1461 876 1526 umeris
900 1467 1081 1526 senatorum
1108 1459 1211 1525 feren·

170 1567 254 1632 dnm.
289 1566 409 1631 remisit
425 1567 544 1630 Caesar
561 1563 729 1648 adroganti
749 1564 974 1645 moderatione,
994 1563 1210 1648 populumque

170 1670 272 1738 edicto
295 1670 417 1734 monuit
438 1690 489 1750 ne,
517 1675 551 1733 ut
574 1669 734 1751 quondam
757 1670 864 1734 nimiis
886 1668 999 1734 studiis
1021 1667 1118 1733 funus
1141 1666 1209 1733 divi

169 1776 241 1840 Iulii
267 1776 459 1854 turbassent,
490 1773 535 1837 ita
555 1774 735 1857 Augustum
763 1774 795 1837 in
824 1773 891 1840 foro
914 1773 1019 1856 potius
1050 1791 1145 1854 quam
1176 1770 1209 1837 in

171 1898 282 1962 campo
310 1879 428 1958 Martis,
460 1876 536 1942 sede
564 1877 732 1959 destinata,
760 1878 891 1942 cremari
918 1879 1045 1942 vellent.
1084 1874 1136 1939 die
1164 1875 1210 1940 fu·

171 1983 255 2047 neris
278 1981 393 2046 milites
410 1981 496 2044 velut
518 1980 676 2064 praesidio
697 1987 821 2062 stetere,
845 1982 976 2045 multum
996 1979 1210 2046 inridentibus

171 2085 225 2168 qui
252 2084 313 2167 ipsi
339 2082 487 2149 viderant
513 2085 630 2166 quique
656 2105 676 2148 a
699 2085 884 2169 parentibus
906 2090 1096 2169 acceperant
1119 2082 1205 2148 diem

170 2190 258 2253 illum
275 2188 362 2252 crudi
377 2187 482 2252 adhuc
498 2188 618 2252 servitii
634 2195 666 2252 et
680 2188 835 2253 libertatis
850 2189 1033 2272 inprospere
1044 2187 1210 2272 repetitae,

171 2313 242 2357 cum
262 2291 385 2357 occisus
406 2291 540 2355 dictator
555 2292 672 2358 Caesar
686 2292 757 2357 aliis
772 2292 956 2376 pessimum,
979 2291 1050 2356 aliis
1065 2290 1208 2376 pulcher-

171 2396 284 2461 rimum
307 2395 430 2460 facinus
453 2395 626 2460 videretur:
657 2417 742 2461 nunc
764 2417 873 2462 senem
896 2396 1082 2481 principem,
1114 2397 1211 2480 longa

171 2500 322 2586 potentia,
351 2500 487 2584 provisis
515 2500 611 2564 etiam
637 2499 789 2565 heredum
817 2501 850 2565 in
873 2521 940 2565 rem
963 2501 1124 2587 publicam
1146 2500 1210 2583 opi·

171 2606 241 2685 bus,
269 2603 388 2668 auxilio
415 2602 535 2669 scilicet
557 2603 685 2668 militari
707 2604 871 2686 tuendum,
901 2612 935 2668 ut
958 2605 1118 2689 sepultura
1141 2604 1210 2669 eius

172 2709 279 2792 quieta
301 2707 392 2772 foret.

4 2820 152 2876 tattaeus
276 2811 305 2875 9.
329 2812 445 2875 llultus
472 2809 547 2875 hinc
574 2810 643 2895 ipso
671 2809 711 2875 de
733 2812 878 2893 Augusto
905 2831 1017 2891 sermo,
1047 2800 1208 2894 plerisque

172 2935 256 2980 vana
282 2914 480 2995 mirantibus,
509 2914 593 2996 quod
620 2913 705 2979 idem
732 2913 801 2979 dies
824 2915 947 2998 accepti
971 2913 1131 2996 quondam
1153 2913 1208 2978 im·

171 3019 251 3104 perii
277 3019 426 3102 princeps
454 3024 485 3082 et
512 3019 596 3083 vitae
623 3038 798 3102 supremus,
827 3018 911 3100 quod
934 3019 1034 3083 Nolae
1057 3018 1090 3082 in
1113 3016 1207 3083 domo

172 3131 204 3189 et
231 3122 373 3186 eubiculo
400 3122 433 3185 in
461 3142 522 3203 quo
546 3129 636 3206 pater
658 3122 726 3186 eius
749 3122 899 3188 Octavius
922 3122 1019 3186 vitam
1042 3121 1207 3186 linivisset.

172 3245 320 3292 numerus
344 3225 440 3289 etiam
464 3227 682 3290 consulatuum
706 3227 932 3307 celebrabatur,
962 3247 1022 3308 quo
1045 3225 1208 3290 Valerium

171 3332 308 3397 Corvum
333 3335 363 3393 et
387 3331 421 3394 (l.
446 3329 579 3394 Marium
602 3330 695 3395 simul
716 3336 918 3412 aequaverat,
947 3330 1131 3396 continuata
1151 3349 1210 3414 per

172 3441 292 3520 septem
321 3441 353 3498 et
379 3433 510 3517 triginta
532 3454 634 3499 annos
656 3434 825 3498 tribunicia
847 3442 997 3517 potestas,
1025 3452 1140 3498 nomen
1162 3433 1209 3498 in-

172 3537 323 3622 peratoris
353 3537 451 3602 semel
477 3544 573 3619 atque
601 3537 722 3602 viciens
749 3545 874 3622 partum
900 3539 1026 3620 aliaque
1053 3536 1209 3602 honorum

172 3642 380 3725 multiplicata
398 3648 453 3706 aut
472 3662 566 3707 nova.
601 3648 635 3706 at
654 3641 740 3726 apud
760 3642 932 3726 prudentes
951 3643 1019 3708 rita
1038 3642 1106 3708 eius
1120 3642 1209 3707 varie

172 3746 382 3811 extollebatur
404 3747 647 3829 arguebaturue.
693 3745 727 3810 hi
749 3747 869 3830 pietate
892 3767 968 3831 erga
990 3752 1154 3831 parentem
1177 3753 1210 3811 et

172 3849 407 3916 necessitudine
436 3851 482 3915 rei
512 3850 668 3934 publicae,
701 3851 734 3914 in
762 3872 825 3934 qua
852 3853 956 3916 nullus
983 3859 1058 3916 tunc
1084 3850 1211 3934 legibus
