2760 4214
502 159 527 198 a.
540 142 572 198 U.
586 159 608 197 1.
623 146 681 200 767.
709 160 735 212 p.
749 142 812 198 Chr.
827 146 867 200 14.
1160 128 1201 192 29

165 317 267 382 tabat:
299 323 476 402 pergerent,
506 324 712 402 properarent
740 318 865 402 culpam
893 318 926 382 in
949 318 1045 384 decus
1067 326 1201 385 vertere.

166 441 313 487 exarsere
340 420 455 486 animis
481 441 607 504 unoque
630 421 749 506 impetu
772 429 956 506 perruptum
977 422 1101 488 hostem
1123 422 1204 489 redi·

164 530 244 609 gunt
266 524 299 589 in
321 532 431 609 aperta
454 525 668 610 caeduntqne;
700 526 793 590 simul
815 526 908 610 primi
930 526 1067 610 agminis
1090 526 1200 611 copiae

166 649 296 695 evasere
311 629 408 695 silvas
424 637 591 712 castraque
606 629 850 694 communivere.
882 630 1023 713 quietum
1043 630 1118 696 inde
1132 632 1202 712 iter,

165 732 330 816 fidensque
355 734 534 800 recentibus
561 754 600 798 ac
625 735 763 817 priorum
790 734 906 801 oblitus
934 734 1024 800 miles
1046 736 1080 799 in
1102 735 1203 799 hiber·

166 837 216 902 nis
237 838 366 902 locatur.
431 867 433 872 ·

251 940 303 1004 52.
327 942 480 1006 Nuntiata
500 962 539 1006 ea
553 941 715 1007 Tiberium
737 942 858 1007 laetitia
881 963 1017 1026 curaque
1039 941 1201 1009 adiecere:
1232 941 1365 994 1111111111

165 1043 325 1130 gaudebat
347 1065 529 1129 oppressam
552 1045 749 1127 seditionem,
773 1046 829 1111 sed
852 1046 936 1128 quod
957 1046 1129 1130 largiendis
1150 1068 1202 1132 pe·
1227 1011 1370 1126 Ἢξῇἰω

167 1148 268 1214 cuniis
287 1155 319 1215 et
338 1148 487 1214 missione
507 1149 656 1215 festinata
676 1149 818 1216 favorem
833 1150 966 1215 militum
982 1151 1200 1234 quaesivisset,

166 1252 280 1318 bellica
294 1273 419 1336 quoque
435 1253 616 1319 Germanici
630 1254 731 1338 gloria
745 1257 930 1338 angebatur.
961 1256 1080 1321 rettulit
1095 1262 1202 1324 tamen

166 1356 209 1422 ad
239 1364 382 1422 senatum
415 1357 455 1423 de
484 1359 579 1424 rebus
608 1359 708 1442 gestis
734 1360 895 1441 multaque
922 1359 963 1423 de
989 1360 1107 1424 virtute
1135 1360 1202 1424 eius

166 1462 362 1544 memoravit,
389 1463 492 1546 magis
519 1463 552 1526 in
580 1463 718 1547 speciem
746 1463 852 1529 verbis
875 1463 1029 1529 edomata
1052 1485 1145 1546 quam
1168 1470 1203 1528 ut

167 1566 293 1650 penitus
316 1566 432 1632 sentire
455 1567 641 1632 crederetur.
669 1568 869 1652 paucioribus
891 1569 1030 1632 Drusum
1052 1567 1084 1633 et
1106 1567 1201 1632 finem

166 1670 284 1754 Illyrici
314 1676 417 1736 motus
445 1671 597 1754 laudavit,
629 1672 685 1736 sed
715 1672 865 1736 intentior
896 1679 927 1736 et
955 1671 1021 1735 fida
1043 1671 1202 1762 oratione.

167 1779 342 1856 cunctaque
376 1795 456 1857 quae
487 1775 692 1840 Germanicus
721 1775 905 1856 indulserat,
940 1775 1079 1840 servavit
1109 1776 1204 1840 etiam

166 1876 250 1962 apud
273 1878 471 1943 Pannonicos
494 1878 661 1943 exercitus.

253 1980 304 2046 53.
328 1979 448 2047 Eodem
468 2002 551 2046 anno
567 1982 648 2046 Iulia
670 2001 850 2066 supremum
873 1980 958 2047 diem
981 1981 1068 2064 obiit,
1092 1983 1132 2048 ob
1148 1983 1202 2047 im·
1237 1979 1363 2101 §pm

166 2085 352 2170 pudicitiam
375 2086 448 2150 olim
471 2107 491 2150 a
513 2093 603 2169 patre
618 2086 761 2170 Augusto
775 2084 969 2151 Pandateria
990 2087 1102 2168 insula,
1126 2107 1202 2152 mox
1222 2118 1379 2171 agamque,

167 2188 283 2274 oppido
306 2189 507 2273 Reginorum,
533 2190 585 2273 qui
609 2190 748 2256 Siculum
770 2189 885 2255 fretum
907 2190 1061 2272 accolunt,
1085 2192 1201 2255 clausa.

166 2292 270 2359 fuerat
300 2293 333 2357 in
363 2293 561 2359 matrimonio
584 2292 703 2358 Tiberii
733 2293 917 2358 florentibus
941 2293 1020 2359 Gaio
1051 2300 1083 2358 et
1104 2293 1202 2359 Lucio

167 2395 355 2462 Caesaribus
378 2403 603 2481 spreveratque
625 2404 660 2461 ut
679 2397 836 2481 inparem;
860 2416 919 2461 nec
933 2396 997 2460 alia
1012 2403 1077 2460 tam
1092 2396 1204 2461 intima

165 2500 292 2565 Tiberio
315 2520 411 2565 eausa
434 2521 487 2565 eur
510 2500 656 2565 Rhodum
678 2499 873 2565 abscederet.
912 2500 1078 2583 imperium
1108 2499 1203 2584 adep·

166 2609 216 2668 tus
246 2610 412 2685 extorrem,
445 2604 597 2669 infamem
628 2610 659 2669 et
688 2610 758 2687 post
788 2603 988 2668 intellectum
1019 2605 1201 2668 Postumum

164 2707 339 2792 Agrippam
362 2708 464 2773 omnis
486 2709 555 2792 spei
578 2727 712 2792 egenam
735 2707 842 2791 inopia
862 2727 900 2771 ac
915 2707 988 2771 tabe
1003 2707 1099 2791 longa
1114 2726 1202 2791 pere·

165 2811 231 2893 mit,
255 2812 419 2877 obscuram
442 2810 508 2876 fore
531 2831 641 2877 necem
661 2811 890 2894 longinquitate
910 2809 998 2874 exilii
1017 2817 1113 2874 ratus.
1146 2832 1204 2894 par

166 2934 263 2979 causa
292 2914 445 2980 saevitiae
475 2915 508 2978 in
536 2914 755 2998 Sempronium
779 2913 966 2994 Gracchum,
997 2914 1051 2996 qui
1080 2913 1203 2978 familia

166 3017 274 3099 nobili,
298 3018 405 3083 sollers
427 3018 557 3102 ingenio
577 3024 608 3083 et
627 3039 726 3102 prave
747 3017 914 3099 facundus,
939 3016 1073 3083 eandem
1089 3019 1202 3082 1111111

164 3121 198 3186 in
222 3122 419 3187 matrimonio
441 3122 540 3186 Marci
562 3122 723 3206 Agrippae
746 3127 964 3187 temeraverat.
1003 3141 1063 3186 nec
1085 3123 1112 3186 is
1136 3122 1201 3186 libi-

165 3225 231 3289 dini
254 3225 339 3291 finis:
363 3226 511 3291 traditam
533 3225 660 3291 Tiberio
683 3227 834 3310 pervicax
857 3225 981 3291 adulter
1004 3226 1201 3290 contumacia

165 3336 197 3394 et
223 3328 304 3394 odiis
330 3330 363 3394 in
390 3328 536 3394 maritum
565 3329 774 3414 accendebat3
804 3330 984 3411 literaeque,
1015 3349 1094 3410 quas
1120 3329 1201 3393 Iulia

164 3434 247 3518 patri
261 3434 403 3520 Augusto
420 3454 490 3499 cum
506 3434 713 3500 insectatione
728 3433 847 3498 Tiberii
863 3433 998 3518 scripsit,
1021 3454 1042 3497 a
1057 3432 1200 3498 Graccho

165 3537 357 3620 compositae
380 3535 599 3603 credebantur.
638 3538 734 3622 igitur
755 3544 878 3602 amotus
902 3536 1076 3618 Cercinam,
1100 3535 1200 3600 Africi

164 3640 260 3704 maris
293 3640 438 3721 insulam,
472 3640 723 3723 quattuordecim
756 3641 849 3706 annis
880 3639 1010 3704 exilium
1044 3638 1197 3705 toleravit.

164 3749 240 3809 tunc
269 3744 384 3810 milites
413 3744 456 3809 ad
487 3744 617 3810 caedem
647 3745 735 3810 missi
765 3745 917 3810 invenere
948 3745 979 3808 in
1009 3744 1199 3828 prominenti

164 3847 273 3929 litoris,
296 3847 374 3912 nihil
396 3849 513 3913 laetum
537 3848 760 3933 opperientem.
789 3868 924 3933 quorum
943 3847 1094 3914 aduentu
1102 3848 1216 3911 breue
