2760 4214
179 144 180 148 Ἰ
251 156 314 225 134
488 172 537 226 Ab
556 188 672 228 excessu
689 174 723 227 D.
736 174 862 244 Augusti
881 174 922 230 lV
941 177 1051 230 19-23.

249 347 381 413 victoria
402 368 459 432 per
481 346 649 412 avaritiam
670 347 798 413 foedata
814 355 845 413 et
859 369 940 413 uxor
956 349 1047 414 Sosia
1061 346 1286 431 arguebantur.

249 472 308 516 nec
323 451 419 517 dubie
434 451 679 535 repetundamm
695 451 878 517 criminibus
893 451 1077 532 haerebant,
1100 449 1158 516 sed
1173 455 1289 515 cuncta

249 555 434 638 quaestione
448 554 623 620 maiestatis
638 556 788 636 exercita,
812 563 844 620 ιι
859 555 954 621 Silius
969 555 1184 620 imminentem
1202 553 1288 618 dam-

249 661 409 725 nationem
431 659 608 724 voluntario
631 659 695 724 fine
716 660 898 744 praevertit.

87 759 220 880 &ww
335 763 391 828 20
411 763 614 828 Saevitumt
601 769 709 827 tamen
736 764 769 827 in
798 764 893 844 bona,
924 784 988 828 non
1015 770 1049 828 ιιι
1072 762 1287 846 stipendiariis

89 896 221 949 umam,
248 866 402 952 pecuniae
424 865 640 948 redderentur,
665 887 796 949 quorum
818 887 912 933 nemo
935 868 1109 951 repetebat,
1132 866 1189 932 sed
1212 867 1287 933 libe·

80 967 225 1087 mffim
248 970 356 1036 ualitas
378 970 514 1054 Augusti
490 971 664 1051 t,avulsa
695 972 874 1054 conputatis
897 971 1081 1055 singillatim
1104 992 1185 1054 quae
1208 970 1286 1036 fisco

118 1105 186 1158 tuuc
248 1076 446 1160 petebantur
492 1094 530 1139 ea
559 1075 661 1158 prima
690 1076 817 1141 Tiberio
847 1095 923 1160 erga
952 1075 1120 1158 pecuniam
1149 1075 1287 1139 alienam

108 1174 195 1220 (ΜΝ
248 1177 495 1262 diligentiat
435 1177 503 1243 suit.
535 1178 656 1244 Sosia
648 1200 681 1242 m
705 1179 833 1243 exilium
856 1180 982 1262 pellitur
996 1179 1100 1244 Asinii
1115 1179 1197 1244 Galli
1218 1198 1287 1244 sen-

75 1261 118 1306 ⁹¹
128 1261 229 1374 ἔξω
248 1283 356 1363 tentia,
381 1282 435 1364 qui
457 1289 580 1367 partem
603 1283 756 1347 bonorum
778 1282 1013 1366 publicandam,
1036 1303 1139 1367 pars
1129 1289 1165 1347 ut
1151 1282 1287 1349 tliberis

247 1387 476 1468 relinqueretur
496 1378 673 1451 ‘censuerat
705 1392 816 1450 contra
837 1387 888 1450 M!
905 1386 1213 1470 Lepidus-quartam
1235 1407 1286 1452 ac-

248 1490 443 1557 cusatoribus
466 1488 639 1555 secundum
662 1490 929 1556 necessitudinem
945 1490 1034 1574 legis,
1059 1497 1164 1555 cetera
1177 1491 1286 1556 liberis

248 1594 412 1666 concessit.
451 1593 537 1658 bunc
567 1613 626 1676 ego
648 1593 805 1677 Lepidum
835 1595 1031 1678 temporibus
1061 1594 1123 1658 illis
1153 1614 1285 1678 gravem

248 1705 279 1763 et
308 1698 483 1782 sapientem
507 1698 609 1762 virum
632 1697 731 1763 fuisse
754 1699 941 1783 comperior:
973 1720 1048 1762 nam
1070 1698 1221 1783 pleraque
1243 1699 1285 1763 ab

247 1801 352 1868 saevis
366 1802 600 1867 adulationibus
613 1801 745 1867 aliorum
760 1802 794 1867 in
808 1802 921 1867 melius
936 1802 1035 1867 flexit.
1060 1822 1163 1883 neque
1178 1809 1286 1869 tamen

247 1906 489 1990 temperamenti
513 1907 638 1990 egebat,
663 1925 734 1970 cum
757 1906 917 1987 aequabili
933 1907 1119 1971 auctoritate
1135 1912 1166 1970 et
1180 1908 1286 1990 gratia

247 2009 333 2093 apud
355 2009 517 2075 Tiberium
547 2009 692 2093 viguerit.
739 2008 823 2074 unde
854 2010 1000 2075 dubitare
1028 2031 1130 2095 cogor,
1161 2010 1228 2075 fato
1256 2018 1288 2077 et

248 2118 331 2177 sorte
352 2110 515 2193 nascendi,
539 2118 574 2176 ut
596 2119 710 2194 cetera,
734 2112 779 2177 ita
798 2113 974 2198 principum
991 2113 1153 2179 inclinatio
1169 2114 1204 2177 in
1218 2113 1286 2194 hos,

247 2216 379 2281 offensio
402 2215 434 2279 in
457 2216 537 2298 illos,
560 2236 602 2280 an
625 2216 666 2280 sit
687 2217 808 2298 aliquid
830 2217 862 2281 in
886 2218 1001 2283 nostris
1024 2217 1161 2282 consiliis
1182 2216 1288 2282 liccat

248 2340 308 2403 que
331 2319 413 2384 inter
434 2320 600 2404 abruptam
625 2321 855 2385 contumaciam
878 2327 910 2386 ιι
932 2320 1074 2387 deforme
1100 2322 1287 2404 obsequium

246 2443 378 2509 pergere
401 2423 462 2488 iter
476 2423 649 2488 ambitione
664 2444 703 2489 ao
718 2425 865 2508 periculis
880 2445 1025 2490 vacuum.
1049 2433 1083 2490 at
1098 2426 1287 2492 Messalinus

248 2528 340 2594 Cotta
362 2527 449 2592 haud
470 2527 575 2593 minus
598 2527 690 2593 claris
712 2529 894 2610 maioribus,
923 2529 979 2594 sed
1001 2530 1108 2595 animo
1130 2530 1285 2612 diversus,

248 2631 370 2697 censuit
400 2631 578 2697 cavendum
609 2639 738 2697 senatus
769 2633 922 2714 consulto,
953 2640 988 2698 ιιι
1018 2653 1209 2717 quamquam
1239 2634 1285 2698 in·

248 2742 354 2800 sontes
376 2736 580 2819 magistratus
603 2742 635 2800 et
658 2736 770 2819 culpae
785 2736 909 2802 alienae
924 2737 1023 2803 nescii
1039 2736 1286 2821 provincialibus

247 2859 380 2903 uxorum
403 2838 587 2904 criminibus
610 2839 743 2922 proinde
766 2859 861 2921 quam
884 2840 949 2905 suis
971 2840 1192 2924 plecterentur

112 2936 202 3052 ”5¹3⁶
335 2941 386 3005 21
409 2941 471 3005 Act
458 2947 524 3006 tum
555 2941 670 3007 dehinc
700 2942 740 3007 de
767 2943 938 3026 Oalpumio
965 2944 1089 3025 Pisone,
1120 2943 1219 3009 nobili
1248 2965 1287 3009 ac

33 3085 36 3091 ·
97 3008 207 3129 :iasii
247 3043 344 3109 feroci
367 3044 444 3109 viro
473 3045 500 3110 is
523 3065 670 3127 namque,
693 3052 728 3110 ιιι
750 3052 798 3111 ιιι
785 3046 865 3127 ttuli,
898 3066 1058 3112 cessurum
1087 3067 1122 3113 se
1143 3048 1222 3112 urbe
1244 3049 1286 3114 ob

101 3164 193 3216 equus
247 3147 401 3213 factiones
430 3156 646 3215 accusatorum
677 3149 711 3214 in
741 3157 853 3215 senatu
819 3151 1157 3216 tclamitaveratet
1125 3157 1287 3235 etspreta

94 3233 210 3357 zm}
247 3251 388 3337 potentia
409 3251 573 3336 Augustae
604 3251 768 3318 trahere
759 3274 793 3317 m
823 3254 872 3319 ius
895 3254 1103 3337 Urgulaniam
1127 3254 1284 3337 domoque

94 3372 207 3450 aarum
246 3356 399 3441 principis
429 3357 535 3422 excire
565 3376 663 3423 ausus
690 3364 767 3422 erat.
805 3378 886 3440 quae
909 3358 942 3422 in
965 3378 1116 3442 praesens
1138 3358 1285 3425 Tiberius

248 3462 380 3527 civiliter
402 3461 528 3545 habuit,
560 3460 672 3526 sedin
694 3461 801 3528 animo
824 3464 1041 3528 revolvente
978 3469 1106 3545 trras,
1138 3463 1235 3529 etiam
1258 3463 1286 3529 si

246 3566 382 3649 impetus
405 3513 588 3631 offensibnis
609 3565 785 3648 languerat,
808 3567 960 3632 memoria
976 3568 1112 3633 valebat.
1136 3566 1284 3632 Pisonem

247 3667 285 3746 Q.
302 3667 439 3734 Granius
461 3669 575 3734 secreti
596 3669 751 3735 sermonis
773 3670 931 3736 incusavit
951 3670 1121 3736 adversum
1141 3671 1286 3736 maiesta-

246 3779 311 3838 tem
333 3772 444 3854 habiti,
466 3772 645 3856 adiecitque
667 3773 700 3838 in
723 3774 816 3839 domo
839 3775 906 3841 eius
928 3794 1086 3841 venenum
1109 3794 1179 3840 esse
1202 3793 1286 3839 eum-

238 3897 303 3961 que
322 3875 435 3963 gladio
456 3876 637 3946 accinctum
658 3878 789 3945 introire
810 3880 939 3944 curium.
985 3879 1069 3962 quod
1091 3884 1126 3944 ut
1148 3880 1286 3947 atrocius
