2760 4214
507 176 531 213 a.
545 159 578 214 U.
591 175 613 212 ο.
628 163 686 216 778.
714 175 740 227 p.
754 159 816 214 our.
830 163 872 216 25.
1145 143 1206 208 145

167 335 271 418 fuerit,
296 353 335 399 ea
356 339 463 397 mente
485 339 638 414 acturam,
671 340 706 397 ut
728 353 800 397 oum
824 333 929 415 equite
952 333 1095 398 Romano
1119 355 1206 400 senc-

166 445 242 504 seat.
283 459 341 523 ego
363 444 398 502 ut
421 438 533 518 sinam,
558 435 701 501 credisne
725 456 875 520 passuros
897 437 951 518 qui
974 435 1103 502 fratrem
1127 438 1205 520 eius,

166 544 221 627 qui
236 549 358 627 patrem
375 543 571 623 maioresque
587 546 711 606 nostros
727 541 759 604 in
776 540 906 606 summis
921 541 1061 625 imperiis
1074 541 1206 608 videre?

167 649 216 713 vis
238 654 272 712 tu
296 645 424 728 quidem
447 646 543 709 istum
566 645 649 709 intra
670 645 773 709 locum
797 644 921 709 sistere:
953 643 1010 709 scd
1037 644 1082 708 illi
1108 646 1206 730 magi-

166 758 283 818 stratus
299 756 330 816 et
346 750 506 834 primores,
531 748 585 830 qui
608 754 640 813 te
662 748 797 812 invitum
820 756 1027 832 perrumpunt
1049 750 1206 814 omnibus-

166 878 228 939 que
251 856 408 921 derebus
431 853 608 933 consulunt,
633 852 808 917 excessisse
831 852 896 916 iam
917 852 1040 937 pridem
1061 860 1206 935 equestre

166 960 329 1044 fastigium
356 958 514 1041 longeque
541 956 661 1021 antisse
684 957 784 1041 patris
806 956 869 1021 mel
892 958 1048 1023 amicitias
1071 979 1135 1023 non
1158 978 1206 1025 oo-

167 1064 242 1129 culti
265 1062 370 1127 ferunt
392 1080 512 1146 perque
535 1059 689 1125 invidiam
712 1061 758 1124 tui
781 1081 833 1125 me
849 1081 973 1143 quoque
989 1062 1144 1127 incusant.
1174 1069 1206 1127 at

167 1168 251 1232 enim
274 1168 436 1250 Augustus
463 1165 560 1230 filiam
590 1185 679 1229 suam
704 1165 803 1246 equiti
826 1166 969 1231 Romano
992 1167 1119 1231 tradere
1142 1187 1205 1231 mc·

166 1272 285 1336 ditatus
312 1278 368 1336 est.
407 1271 521 1333 mirum
544 1268 681 1349 hercule,
706 1269 733 1333 si
756 1288 827 1332 cum
849 1269 883 1332 in
906 1270 1009 1338 omnis
1032 1290 1123 1334 ouras
1146 1269 1206 1335 dis-

165 1376 343 1440 traheretur
376 1374 628 1454 immensumque
662 1372 763 1437 attolli
797 1370 978 1456 provideret
1014 1393 1108 1454 quem
1136 1393 1206 1439 con-

166 1480 327 1546 iunctione
357 1478 411 1542 tali
442 1498 538 1560 super
567 1477 646 1542 alios
677 1476 853 1556 extulisset,
885 1475 919 1540 Ο.
947 1476 1144 1541 Proculeium
1175 1484 1208 1542 et

166 1585 321 1667 quosdam
341 1583 374 1647 in
395 1583 593 1646 sermonibus
607 1581 719 1646 habuit
733 1581 852 1664 insigni
867 1581 1095 1662 tranquillitate
1110 1582 1205 1664 vitae,

166 1690 261 1754 nullis
284 1689 330 1752 rei
353 1687 499 1772 publicae
521 1687 658 1770 negotiis
677 1685 861 1770 permixtos.
893 1684 950 1750 sed
966 1687 993 1750 si
1009 1684 1206 1750 dubitatione

165 1793 302 1877 Augusti
325 1812 498 1872 movemur,
523 1796 639 1872 quanto
661 1789 796 1854 validius
812 1795 860 1855 est
876 1789 960 1872 quod
974 1789 1080 1854 Marco
1096 1790 1207 1873 Agrip-

165 1917 236 1981 pae,
260 1917 334 1961 mox
358 1895 436 1959 mihi
460 1895 658 1960 conlocavit?
682 1902 778 1975 atque
801 1914 861 1978 ego
884 1893 964 1958 hacc
986 1914 1043 1978 pro
1065 1892 1207 1958 amicitia

166 2018 229 2062 non
250 1999 419 2065 occultavi:
444 2006 582 2064 ceterum
598 2018 702 2080 neque
717 1999 779 2063 tuis
795 2018 899 2080 neque
914 1998 1024 2062 Liviae
1040 1997 1207 2062 destinatis

166 2102 367 2168 adversabor.
389 2103 458 2187 ipse
483 2103 559 2185 quid
581 2103 665 2167 intra
686 2103 827 2167 animum
850 2101 1068 2184 volutaverim,
1092 2102 1206 2185 quibus

166 2206 272 2271 adhuc
294 2207 582 2272 necessitudinibus
598 2206 763 2271 inmiscere
779 2213 810 2270 te
826 2205 904 2270 mihi
919 2226 1038 2291 parem,
1063 2207 1205 2271 omittam

166 2310 208 2375 ad
231 2330 382 2394 praesens
405 2310 536 2375 referre:
567 2310 600 2374 id
623 2315 746 2374 tantum
769 2311 920 2393 aperiam,
944 2309 1022 2374 nihil
1046 2331 1116 2375 esse
1139 2318 1205 2376 tarn

167 2415 337 2495 excelsum,
362 2413 445 2496 quod
468 2434 532 2478 non
554 2414 688 2479 virtutes
710 2414 791 2478 istae
814 2421 948 2494 tuusque
964 2413 997 2476 in
1013 2433 1064 2477 me
1079 2414 1206 2480 animus

166 2524 355 2599 mereantur,
379 2517 517 2599 datoque
540 2522 681 2600 tempore
702 2517 753 2582 vel
767 2517 799 2580 in
816 2522 927 2581 senatu
944 2516 994 2579 vel
1009 2515 1043 2579 in
1059 2518 1205 2582 contione

166 2641 229 2686 non
252 2616 413 2686 reticebo?

253 2725 304 2789 41.
328 2727 465 2791 Rursum
488 2725 632 2805 Seianus,
665 2745 728 2790 non
755 2723 819 2788 iam
843 2724 883 2788 dc
905 2723 1114 2803 matrimonio,
1148 2723 1205 2788 sed
1256 2719 1346 2835 {aa

166 2830 260 2894 altius
282 2837 436 2910 metucns,
467 2829 565 2894 tacita
588 2828 813 2913 suspicionum,
844 2827 932 2909 vulgi
962 2847 1130 2908 rumorem,
1161 2828 1205 2892 in·
1259 2859 1297 2910 „q
1311 2859 1345 2904 q,

165 2940 332 3016 gruentem
355 2932 508 2998 invidiam
524 2932 720 3016 deprecabar.
752 2952 791 2996 ao
806 2951 846 2996 ne
861 2930 1012 2996 adsiduos
1027 2931 1061 2996 in
1077 2931 1204 2996 domum
1232 2928 1370 3043 hanepon

165 3043 273 3101 coetus
295 3037 431 3102 arcendo
453 3037 643 3120 infringeret
669 3036 842 3120 potentiam
869 3041 924 3099 aut
945 3035 1138 3120 receptando
1161 3036 1205 3101 fa·
1246 2999 1370 3112 ³⁵2„th

164 3140 313 3204 cultatem
337 3141 576 3206 criminantibus
591 3141 768 3225 praeberet,
792 3138 854 3204 huc
869 3139 968 3221 flexit,
992 3147 1026 3205 ut
1041 3140 1205 3205 Tiberium
1243 3138 1278 3180 ⁵²¹
1292 3137 1359 3250 {wll

164 3243 206 3307 ad
229 3245 327 3309 vitam
351 3246 460 3328 procul
482 3248 584 3311 Roma
605 3245 748 3309 amoenis
779 3244 856 3309 locis
887 3243 1066 3328 degendam
1097 3246 1204 3330 impel-
1278 3206 1324 3258 Μ’

164 3347 251 3412 leret.
291 3349 390 3413 multa
413 3349 530 3434 quippe
552 3348 753 3434 providebat:
777 3368 836 3414 sua
857 3349 891 3413 in
913 3369 1010 3413 manu
1032 3348 1137 3413 aditus
1157 3349 1203 3412 lit-

164 3458 365 3534 terarumque
391 3473 510 3536 magna
537 3473 577 3517 ex
600 3457 691 3536 parte
714 3472 748 3517 se
770 3452 923 3517 arbitrum
945 3451 1021 3533 fore,
1053 3472 1124 3516 cum
1146 3472 1204 3536 per

163 3556 279 3621 milites
300 3562 526 3640 commearent;
549 3577 625 3622 mox
641 3556 810 3621 Gaesarem
826 3562 979 3639 vergente
994 3554 1058 3619 iam
1073 3562 1203 3620 senecta

163 3666 348 3742 secretoque
370 3660 432 3726 loci
454 3660 607 3725 mollitum
637 3659 747 3724 munia
776 3660 901 3744 imperii
930 3658 1055 3724 facilius
1082 3659 1203 3724 tramis-

163 3783 284 3828 surum:
309 3770 340 3828 et
362 3764 462 3828 minui
478 3764 539 3830 sibi
555 3762 710 3841 invidiam
723 3763 874 3848 adempta
890 3763 1083 3828 salutantum
1099 3763 1201 3843 turba,

164 3866 360 3950 sublatisque
397 3868 546 3933 inanibus
583 3887 691 3932 veram
731 3868 906 3953 potentiam
941 3866 1065 3951 augeri.
1105 3866 1209 3946 igitur

214 3978 462 4026 autumnitanus.
477 3981 493 4025 1.
514 3980 798 4039 (earcongotam
1090 3968 1130 4014 th
