2760 4214
502 120 681 175 auctor.
709 118 867 187 achan.
1182 99 1199 162 l

163 294 262 374 locus,
284 293 326 358 ad
348 314 437 359 arma
459 294 565 358 civilia
584 301 699 374 actum,
724 314 805 376 quae
825 312 928 374 neque
949 292 1053 376 parari
1073 296 1202 379 possent

164 417 267 480 neque
287 397 399 463 haberi
417 419 475 482 per·
494 398 594 464 bonas
614 405 708 463 artes.
733 397 831 461 multa
847 396 993 476 Antonio,
1018 395 1094 459 dum
1109 396 1203 459 inter-

165 500 299 566 fectores
332 502 431 587 patris
466 503 678 582 ulcisceretur,
713 502 812 566 multa
841 498 963 584 Lepido
997 499 1200 564 concessisse.

164 613 331 688 postquam
350 605 403 670 hic
423 606 566 671 socordia
586 606 735 686 senuerit,
759 606 811 670 ille
832 625 888 689 per
906 602 1055 668 libidines
1074 622 1202 687 pessum

165 708 258 774 datus
279 710 328 790 sit,
352 710 522 778 nonaliud
542 709 752 775 discordantis
771 710 893 793 patriae
913 707 1088 773 remedium
1104 705 1202 770 fuisse

166 833 260 894 quam
293 819 327 878 ut
356 815 397 878 ab
428 834 491 880 uno
523 821 692 898 regeretur.
739 834 802 878 non
832 832 930 897 regno
960 819 1068 876 tamen
1099 829 1203 892 neque

165 917 330 999 dictatura,
361 917 419 982 sed
445 918 598 1003 principis
625 919 753 984 nomine
781 919 982 983 constitutam
1011 937 1076 981 rem
1103 915 1203 999 publi-

167 1040 249 1105 cam;
278 1022 358 1086 mari
381 1021 507 1088 Oceano
531 1031 585 1087 aut
608 1024 754 1088 amnibus
776 1021 958 1106 longinquis
981 1027 1126 1104 saeptum
1148 1019 1203 1082 im-

165 1125 301 1211 perium,
336 1126 489 1210 legiones,
523 1127 713 1212 provincias,
749 1128 877 1208 classes,
913 1132 1027 1191 cuncta
1056 1125 1139 1188 inter
1168 1143 1203 1188 se

166 1249 302 1315 conexa,
324 1230 373 1295 ius
395 1229 482 1316 apud
506 1232 602 1312 cives,
625 1230 813 1296 modestiam
837 1229 923 1314 apud
945 1229 1060 1313 socios;
1092 1228 1203 1291 urbem

166 1333 268 1417 ipsam
301 1334 471 1418 magnifico
502 1343 628 1420 ornatu;
663 1356 767 1419 pauca
796 1333 968 1399 admodum
997 1335 1030 1397 vi
1058 1338 1203 1411 tractata,

167 1458 228 1519 quo
252 1439 364 1504 ceteris
388 1440 477 1522 quies
501 1447 593 1506 esset.
1228 1521 1231 1529 ,

272 1543 321 1607 10.
345 1544 517 1609 Dicebatur
545 1551 667 1609 contra:
699 1545 851 1629 pietatem
878 1563 955 1627 erga
980 1549 1146 1627 parentem
1173 1546 1205 1604 et
1236 1540 1364 1596 attonsurae

165 1648 376 1731 temporanei
398 1649 544 1732 publicae
567 1649 710 1714 obtentui
731 1654 870 1732 sumpta,
894 1654 1033 1712 ceterum
1056 1645 1205 1729 cupidine
1239 1614 1360 1737 qm„

167 1748 351 1814 dominandi
379 1753 517 1816 concitos
545 1773 602 1836 per
629 1752 829 1836 largitionem
853 1759 1029 1832 veteranos,
1058 1757 1204 1834 paratum
1235 1752 1368 1806 aestuum.

165 1855 206 1918 ab
230 1853 432 1920 adulescente
454 1857 579 1941 privato
607 1857 791 1937 exercitum,
820 1861 982 1940 corruptas
1005 1855 1142 1920 consulis
1164 1855 1205 1918 lc-

166 1958 286 2041 giones,
310 1959 491 2024 simulatam
506 1961 773 2045 Pompeianarum
796 1961 932 2044 gratiam
954 1960 1105 2044 partium;
1130 1978 1205 2022 mox

166 2060 220 2125 ubi
253 2061 380 2127 decreto
414 2070 539 2148 patrum
572 2064 677 2129 fasces
711 2071 743 2128 ct
775 2065 825 2129 ius
859 2065 1012 2148 praetoris
1042 2063 1204 2143 invaserit,

132 2245 134 2247 g
168 2165 267 2230 caesis
297 2166 399 2232 Hirtio
430 2174 461 2232 et
490 2168 610 2250 Pansa,
642 2169 711 2234 sive
741 2168 840 2233 hostis
870 2168 949 2249 illos,
981 2187 1037 2232 seu
1066 2168 1206 2231 Pansam

166 2288 325 2335 venenum
348 2271 470 2336 vulneri
493 2272 652 2354 adfusum,
676 2274 725 2339 sui
747 2274 864 2338 milites
879 2273 1017 2336 Hirtium
1038 2278 1070 2337 et
1091 2269 1205 2334 machi-

167 2380 258 2438 nator
273 2373 336 2440 doli
349 2376 466 2441 Caesar·
481 2378 665 2459 abstulerat,
682 2378 844 2459 utriusque
861 2377 969 2461 copias
984 2376 1204 2460 occupavisse;

167 2485 325 2545 extortum
355 2481 455 2545 invito
486 2489 599 2547 senatu
630 2483 842 2562 consulatum,
877 2499 1029 2563 armaque
1059 2499 1142 2561 quae
1172 2479 1205 2541 in

165 2582 340 2649 Antonium
360 2586 518 2670 acceperit
539 2594 649 2652 contra
663 2607 730 2651 rem
746 2586 905 2678 publicam
923 2605 1028 2668 vcrsa;
1052 2581 1205 2667 proscrip-

166 2685 286 2750 tionem
309 2686 434 2768 civium,
463 2689 636 2754 divisiones
663 2710 812 2774 agrorum
834 2709 876 2753 ne
898 2687 976 2772 ipsis
1000 2684 1127 2768 quidem
1151 2685 1205 2767 qui

166 2787 272 2853 fecere
293 2790 446 2857 laudatas.
471 2813 548 2858 sane
572 2793 673 2859 Cassii
697 2801 729 2857 et
748 2795 915 2856 Brutorum
938 2791 1042 2856 exitus
1064 2789 1206 2873 paternis

166 2892 340 2958 inimicitiis
360 2894 462 2977 datos,
486 2917 677 2980 quamquam
699 2896 748 2961 fas
768 2897 808 2961 sit
827 2896 952 2979 privata
975 2894 1048 2961 odia
1070 2892 1206 2978 publicis

166 2995 355 3063 utilitatibus
377 3000 550 3065 remittere:
575 3001 632 3066 sed
655 3001 840 3085 Pompeium
862 2999 1003 3083 imagine
1027 2999 1125 3082 pacis,
1148 2995 1206 3062 sed

166 3099 322 3184 Lepidum
346 3105 452 3187 specie
474 3105 633 3170 amicitiae
656 3104 820 3189 deceptos3
844 3110 916 3188 post
939 3103 1124 3182 Antonium,
1148 3102 1205 3164 Ta·

166 3205 290 3270 rentino
306 3207 561 3292 Brundisinoque
580 3209 709 3274 foedere
729 3215 760 3273 ct
780 3208 900 3292 nuptiis
915 3207 1030 3273 sororis
1045 3206 1206 3285 inlectum,

167 3308 319 3375 subdolae
341 3311 516 3379 adfinitatis
539 3333 658 3398 poenas
677 3319 778 3378 morte
797 3313 981 3378 exsolvisse.
1005 3330 1117 3396 pacem
1137 3310 1206 3373 sine

168 3412 263 3479 dubio
284 3424 355 3499 post
374 3416 464 3498 haec,
485 3438 595 3482 verum
611 3425 787 3483 cruentam:
811 3417 971 3482 Lollianas
987 3415 1207 3495 Varianasque

168 3518 284 3600 clades,
308 3521 491 3586 interfectos
506 3524 625 3587 Romae
638 3524 806 3601 Varrones,
829 3521 993 3605 Egnatios,
1016 3519 1121 3583 Iullos.
1146 3536 1206 3582 nec

167 3621 347 3690 domesticis
377 3627 611 3693 abstinebatur:
645 3627 784 3692 abducta
815 3625 935 3691 Neroni
964 3645 1045 3690 uxor
1075 3630 1106 3688 et
1137 3642 1206 3687 con·

168 3731 241 3795 sulti
264 3751 321 3815 per
342 3731 512 3797 ludibrium
532 3731 707 3816 pontifices,
730 3752 772 3795 an
793 3737 945 3815 concepto
965 3728 1100 3794 necdum
1122 3725 1208 3792 edito

168 3842 259 3918 partu
290 3834 349 3900 rite
379 3836 527 3920 nuberct;
563 3834 600 3912 Q.
624 3835 716 3903 Pedii
743 3843 775 3901 et
801 3835 899 3902 Vedii
921 3833 1080 3900 Pollionis
1097 3833 1226 3907 lusus,
