2760 4214
503 195 527 234 a.
541 179 573 235 U.
587 195 610 234 c.
624 183 682 237 768.
710 196 735 248 p.
749 179 812 234 Chr.
828 184 867 237 15.
1157 164 1199 229 35

165 353 285 437 proelia
307 359 339 419 et
361 353 639 420 formidolosiorem
661 353 798 420 hostium
821 353 983 439 credebat3
1019 374 1122 437 neque
1144 355 1199 419 im·

166 464 340 541 potatorem
357 464 512 541 auguratu
528 464 560 524 et
575 458 797 524 vetustissimis
812 458 1010 524 caerimoniis
1021 450 1199 543 praeditum

165 559 341 626 adtrectare
364 561 476 627 feralia
498 561 654 628 debuisse.

253 665 304 730 63.
333 665 396 732 Sed
426 666 633 732 Germanicus
663 666 828 733 cedentem
858 667 891 731 in
921 667 995 732 avia
1024 666 1199 732 Arminium
1256 667 1334 738 rues

165 776 302 852 secutus,
332 770 385 836 ubi
409 771 544 855 primum
572 771 662 856 copia
684 770 753 853 fuit,
785 770 877 836 evehi
900 771 1021 854 equites
1044 791 1201 856 campum·
1238 735 1351 857 'm''

168 893 239 955 que,
263 893 358 956 quem
381 874 480 940 hostis
503 874 671 956 insederat,
695 875 775 959 eripi
789 874 886 939 iubet.
918 874 1079 941 Arminius
1095 874 1199 958 colligi
1245 889 1345 944 succus

168 997 241 1043 suos
264 984 295 1043 et
317 978 529 1063 propinquare
552 979 641 1045 silvis
663 979 798 1044 monitos
825 980 920 1045 vertit
946 986 1094 1064 repente;
1124 999 1199 1044 mox
1233 976 1313 1023 ‘55⁶¹ssst
1326 988 1354 1024 ¹¹⁸¹

166 1083 293 1167 signum
327 1083 551 1168 prorumpendi
578 1083 672 1162 ‚dedit
701 1084 750 1165 iis,
781 1104 860 1166 quos
889 1105 945 1168 per
975 1086 1072 1149 saltus
1101 1084 1201 1149 oecul-
1224 1048 1363 1165 „walis”

166 1193 298 1252 laverat.
337 1195 412 1253 tunc
435 1209 518 1255 nova
540 1189 609 1255 acie
631 1190 774 1254 turbatus
796 1209 902 1271 eques,
930 1189 1108 1272 missaeque
1130 1189 1200 1255 sub·

166 1291 314 1357 sidiariae
330 1292 473 1359 cohortes
489 1299 521 1358 et
535 1293 725 1377 fugientium
741 1294 868 1378 agmine
879 1295 1034 1378 impulsae
1045 1299 1200 1360 auxerant

168 1397 467 1482 constemationem3
491 1397 759 1480 trudebanturque
774 1399 807 1462 in
823 1398 971 1483 paludem
986 1419 1119 1483 gnaram
1134 1398 1200 1462 vin·

168 1501 322 1582 centibus,
353 1502 495 1584 iniquam
517 1502 643 1584 nesciis,
674 1503 707 1567 ni
730 1504 847 1568 Caesar
868 1501 1038 1587 productas
1059 1502 1200 1588 legiones

166 1603 376 1669 instruxisset.
411 1604 486 1670 inde
502 1605 645 1672 hostibus
661 1612 768 1687 terror,
792 1605 908 1671 fiducia
923 1607 1029 1691 militi;
1052 1612 1084 1671 et
1103 1605 1215 1670 mani-⁴

166 1709 226 1772 bus
252 1709 363 1790 aequis
393 1709 584 1775 abscessum.
623 1731 697 1775 mox
720 1709 850 1776 reducto
872 1710 914 1774 ad
936 1711 1089 1775 Amisiam
1113 1730 1197 1775 exer-

167 1811 231 1876 citu
253 1811 394 1896 legiones
417 1814 527 1894 classe,
557 1819 593 1878 ut
614 1812 799 1895 advexerat,
830 1820 981 1899 reportat,
1013 1834 1086 1898 pars
1117 1814 1200 1897 equi-

167 1920 234 1979 tum
265 1916 353 1981 litore
381 1915 500 1982 Oceani
530 1923 638 2001 petere
660 1917 807 1982 Rhenum
837 1919 936 2003 iussa;
968 1919 1116 1999 Caecina,
1147 1918 1200 2001 qui

166 2039 258 2084 suum
280 2020 409 2085 militem
433 2019 579 2102 ducebat,
603 2021 749 2104 monitus,
772 2042 964 2104 quamquam
984 2006 1067 2089 notis
1086 2022 1201 2086 itineri-

165 2123 225 2187 bus
240 2123 467 2208 regrederetur,
484 2130 597 2208 pontes
613 2125 833 2213 longos,quam
848 2129 1029 2190 maturrime
1041 2146 1198 2210 superare.

166 2233 321 2310 angustus
347 2227 375 2293 is
402 2233 519 2294 trames
546 2235 653 2295 vastas
680 2229 762 2295 inter
789 2228 922 2314 paludes
945 2236 976 2294 et
1000 2229 1201 2312 quondama

167 2330 203 2394 L.
220 2331 357 2396 Domitio
380 2338 560 2416 aggeratus,
585 2339 691 2398 cetera
712 2334 832 2415 limosa,
856 2333 982 2399 tenacia
996 2334 1087 2418 gravi
1103 2352 1200 2399 caeno

168 2439 224 2498 aut
246 2435 322 2500 rivis
345 2435 466 2501 ineerta
489 2444 591 2522 erant5
616 2437 732 2502 circum
755 2439 853 2503 silvae
875 2438 1028 2522 paulatim
1050 2437 1199 2519 adclives,

168 2558 246 2620 quas
268 2544 335 2603 tum
358 2540 519 2606 Arminius
541 2541 685 2626 inplevit,
716 2541 912 2626 compendiis
939 2541 1061 2606 viarum
1084 2547 1116 2606 et
1138 2541 1200 2607 citu

165 2643 294 2726 agmine
325 2651 471 2709 onustum
502 2645 633 2710 sarcinis
665 2645 823 2728 armisque
853 2644 984 2709 militem
1014 2665 1085 2709 cum
1114 2651 1200 2709 ante-

166 2748 315 2814 venisset.
349 2749 504 2814 Caecinae
526 2748 694 2832 dubitanti,
719 2770 856 2832 quonam
876 2749 968 2814 modo
987 2755 1095 2833 ruptos
1114 2755 1200 2814 vetu-

166 2859 248 2918 state
263 2859 376 2937 pontes
389 2860 556 2937 reponeret
572 2854 726 2936 simulque
740 2855 937 2938 propulsaret
949 2853 1080 2935 hostem,
1097 2859 1200 2919 castra

167 2957 278 3021 metari
300 2957 333 3021 in
353 2958 421 3021 loco
438 2957 565 3041 placuit,
589 2964 623 3021 ut
638 2978 716 3042 opus
732 2964 763 3022 et
778 2958 833 3022 alii
848 2958 1000 3043 proelium
1015 2957 1199 3042 inciperent.

254 3060 305 3125 64.
329 3062 462 3126 Barbari
481 3061 676 3146 perfringere
690 3062 842 3128 stationes
858 3082 955 3144 seque
970 3061 1086 3127 inferre
1102 3063 1200 3126 muni·
1232 3060 1313 3173 spu
1325 3060 1357 3106 ¹¹¹¹

167 3164 288 3230 toribus
311 3165 372 3230 nisi
394 3166 564 3246 lacessunt,
596 3164 906 3250 circumgrediuntur,
937 3171 1115 3230 occursant:
1147 3165 1200 3229 mi·
1273 3139 1330 3182 “m

167 3275 272 3333 scetur
286 3269 483 3353 operantium
499 3269 745 3352 bellantiumque
763 3269 887 3334 clamor.
910 3275 940 3333 et
956 3275 1069 3334 cuncta
1085 3269 1201 3353 pariter

166 3373 317 3437 Romanis
332 3373 475 3454 adversa,
492 3373 579 3439 locus
593 3372 713 3457 uligine
728 3372 893 3458 profunda,
910 3372 995 3437 idem
1010 3372 1052 3437 ad
1066 3373 1200 3457 gradum
1218 3448 1219 3452 Ἰ

166 3476 333 3558 instabilis,
364 3477 606 3561 procedentibus
629 3477 775 3558 lubricus,
800 3497 929 3562 corpora
952 3477 1063 3561 gravia
1082 3477 1199 3561 loricis;

167 3599 271 3662 neque
293 3581 408 3646 librare
428 3582 493 3666 pila
508 3583 591 3646 inter
606 3579 708 3646 undas
723 3587 877 3665 poterant.
911 3588 1018 3647 contra
1034 3581 1200 3647 Cheruscis
1259 3610 1263 3617 ·

167 3690 257 3749 sueta
279 3684 364 3769 apud
386 3684 519 3769 paludes
541 3685 670 3770 proebe,
698 3705 829 3769 procera
850 3687 1001 3765 membra,
1024 3684 1135 3750 hastae
1157 3685 1200 3749 in-

166 3794 279 3871 gentes
301 3787 343 3853 ad
365 3789 496 3854 vulnera
518 3787 666 3854 facienda
688 3788 833 3871 quamvis
849 3789 965 3872 procul.
994 3809 1058 3854 non
1073 3788 1204 3853 demum

165 3891 347 3957 inclinantis
362 3893 423 3957 iam
439 3893 580 3979 legiones
592 3891 750 3962 adversae
761 3915 896 3983 pugnae
908 3894 1045 3961 exemit.
1065 3889 1232 3959 hermam
1346 3876 1365 3959 A

1099 3997 1136 4048 (δὲ
