<?xml version="1.0" encoding="UTF-8"?>
<!DOCTYPE html PUBLIC "-//W3C//DTD XHTML 1.0 Transitional//EN"
    "http://www.w3.org/TR/xhtml1/DTD/xhtml1-transitional.dtd">
<html xmlns="http://www.w3.org/1999/xhtml" xml:lang="en" lang="en">
 <head>
  <title>
</title>
<meta http-equiv="Content-Type" content="text/html;charset=utf-8" />
  <meta name='ocr-system' content='tesseract 3.04.00' />
  <meta name='ocr-capabilities' content='ocr_page ocr_carea ocr_par ocr_line ocrx_word'/>
</head>
<body>
  <div class='ocr_page' id='page_1' title='image "./annalen00tacigoog_0196.png"; bbox 0 0 2760 4214; ppageno 0'>
   <div class='ocr_carea' id='block_1_1' title="bbox 168 152 955 237">
    <p class='ocr_par' dir='ltr' id='par_1_1' title="bbox 168 152 955 237">
     <span class='ocr_line' id='line_1_1' title="bbox 168 152 955 237; baseline 0.013 -23"><span class='ocrx_word' id='word_1_1' title='bbox 168 152 231 214; x_wconf 79' lang='grc'><strong>174</strong></span> <span class='ocrx_word' id='word_1_2' title='bbox 409 168 459 222; x_wconf 89' lang='lat' dir='ltr'><strong>Ab</strong></span> <span class='ocrx_word' id='word_1_3' title='bbox 477 183 593 223; x_wconf 87' lang='lat' dir='ltr'><strong>excessu</strong></span> <span class='ocrx_word' id='word_1_4' title='bbox 611 168 645 222; x_wconf 89' lang='lat' dir='ltr'><strong>D.</strong></span> <span class='ocrx_word' id='word_1_5' title='bbox 659 168 784 237; x_wconf 82' lang='lat' dir='ltr'>Augusti</span> <span class='ocrx_word' id='word_1_6' title='bbox 801 168 843 222; x_wconf 94' lang='lat' dir='ltr'><strong>VI</strong></span> <span class='ocrx_word' id='word_1_7' title='bbox 861 171 955 224; x_wconf 83' lang='lat'>9-14.</span> 
     </span>
    </p>
   </div>
   <div class='ocr_carea' id='block_1_2' title="bbox 0 340 1265 3857">
    <p class='ocr_par' dir='ltr' id='par_1_2' title="bbox 166 340 1212 632">
     <span class='ocr_line' id='line_1_2' title="bbox 167 340 1212 410; baseline 0.003 -5"><span class='ocrx_word' id='word_1_8' title='bbox 167 340 342 407; x_wconf 79' lang='lat' dir='ltr'><strong>discrimini</strong></span> <span class='ocrx_word' id='word_1_9' title='bbox 366 342 546 407; x_wconf 83' lang='lat' dir='ltr'><strong>exemisset.</strong></span> <span class='ocrx_word' id='word_1_10' title='bbox 580 343 697 408; x_wconf 88' lang='lat' dir='ltr'><strong>Caesar</strong></span> <span class='ocrx_word' id='word_1_11' title='bbox 712 343 862 408; x_wconf 92' lang='lat' dir='ltr'><strong>Pollionis</strong></span> <span class='ocrx_word' id='word_1_12' title='bbox 884 363 923 407; x_wconf 87' lang='lat' dir='ltr'><strong>ac</strong></span> <span class='ocrx_word' id='word_1_13' title='bbox 938 343 1099 408; x_wconf 82' lang='lat' dir='ltr'><strong>Viniciani</strong></span> <span class='ocrx_word' id='word_1_14' title='bbox 1115 343 1212 410; x_wconf 87' lang='lat' dir='ltr'><strong>Scau-</strong></span> 
     </span>
     <span class='ocr_line' id='line_1_3' title="bbox 166 446 1211 530; baseline 0.004 -20"><span class='ocrx_word' id='word_1_15' title='bbox 166 446 256 528; x_wconf 84' lang='lat' dir='ltr'><strong>rique</strong></span> <span class='ocrx_word' id='word_1_16' title='bbox 280 467 417 528; x_wconf 91' lang='lat' dir='ltr'><strong>causam,</strong></span> <span class='ocrx_word' id='word_1_17' title='bbox 441 452 476 511; x_wconf 91' lang='lat' dir='ltr'><strong>ut</strong></span> <span class='ocrx_word' id='word_1_18' title='bbox 491 447 560 530; x_wconf 91' lang='lat' dir='ltr'><strong>ipse</strong></span> <span class='ocrx_word' id='word_1_19' title='bbox 576 466 648 510; x_wconf 91' lang='lat' dir='ltr'><strong>cum</strong></span> <span class='ocrx_word' id='word_1_20' title='bbox 664 453 776 512; x_wconf 89' lang='lat' dir='ltr'><strong>senatu</strong></span> <span class='ocrx_word' id='word_1_21' title='bbox 793 453 945 528; x_wconf 88' lang='lat' dir='ltr'><strong>nosceret,</strong></span> <span class='ocrx_word' id='word_1_22' title='bbox 969 447 1100 528; x_wconf 84' lang='lat' dir='ltr'><strong>distulit,</strong></span> <span class='ocrx_word' id='word_1_23' title='bbox 1125 447 1211 514; x_wconf 91' lang='lat' dir='ltr'><strong>datis</strong></span> 
     </span>
     <span class='ocr_line' id='line_1_4' title="bbox 168 550 871 632; baseline 0.003 -18"><span class='ocrx_word' id='word_1_24' title='bbox 168 550 357 632; x_wconf 91' lang='lat' dir='ltr'><strong>quibusdam</strong></span> <span class='ocrx_word' id='word_1_25' title='bbox 381 551 414 615; x_wconf 95' lang='lat' dir='ltr'><strong>in</strong></span> <span class='ocrx_word' id='word_1_26' title='bbox 438 551 592 615; x_wconf 82' lang='lat' dir='ltr'><strong>Scaurum</strong></span> <span class='ocrx_word' id='word_1_27' title='bbox 614 550 756 615; x_wconf 90' lang='lat' dir='ltr'><strong>tristibus</strong></span> <span class='ocrx_word' id='word_1_28' title='bbox 779 551 871 616; x_wconf 89' lang='lat' dir='ltr'><strong>notis.</strong></span> 
     </span>
    </p>

    <p class='ocr_par' dir='ltr' id='par_1_3' title="bbox 2 653 1210 739">
     <span class='ocr_line' id='line_1_5' title="bbox 2 653 1210 739; baseline 0.004 -23"><span class='ocrx_word' id='word_1_29' title='bbox 2 653 63 707; x_wconf 63' lang='lat' dir='ltr'><strong>sano</strong></span> <span class='ocrx_word' id='word_1_30' title='bbox 77 662 141 707; x_wconf 62' lang='lat' dir='ltr'><strong>⁰²³2ss</strong></span> <span class='ocrx_word' id='word_1_31' title='bbox 255 653 304 718; x_wconf 90' lang='lat'><strong>10.</strong></span> <span class='ocrx_word' id='word_1_32' title='bbox 328 655 379 718; x_wconf 90' lang='lat' dir='ltr'><strong>Ne</strong></span> <span class='ocrx_word' id='word_1_33' title='bbox 401 653 540 719; x_wconf 85' lang='lat' dir='ltr'><strong>feminae</strong></span> <span class='ocrx_word' id='word_1_34' title='bbox 563 653 691 736; x_wconf 92' lang='lat' dir='ltr'><strong>quidem</strong></span> <span class='ocrx_word' id='word_1_35' title='bbox 714 662 857 720; x_wconf 82' lang='lat' dir='ltr'><strong>exsortes</strong></span> <span class='ocrx_word' id='word_1_36' title='bbox 879 654 1020 739; x_wconf 88' lang='lat' dir='ltr'><strong>periculi.</strong></span> <span class='ocrx_word' id='word_1_37' title='bbox 1062 655 1138 738; x_wconf 90' lang='lat' dir='ltr'><strong>quia</strong></span> <span class='ocrx_word' id='word_1_38' title='bbox 1160 675 1210 721; x_wconf 92' lang='lat' dir='ltr'><strong>oc-</strong></span> 
     </span>
    </p>

    <p class='ocr_par' dir='ltr' id='par_1_4' title="bbox 26 725 1265 1674">
     <span class='ocr_line' id='line_1_6' title="bbox 26 725 1210 843; baseline 0.002 -21"><span class='ocrx_word' id='word_1_39' title='bbox 26 725 119 776; x_wconf 37' lang='grc' dir='ltr'><strong>Μαι</strong></span> <span class='ocrx_word' id='word_1_40' title='bbox 169 756 334 843; x_wconf 88' lang='lat' dir='ltr'><strong>cupandae</strong></span> <span class='ocrx_word' id='word_1_41' title='bbox 357 757 403 821; x_wconf 88' lang='lat' dir='ltr'><strong>rei</strong></span> <span class='ocrx_word' id='word_1_42' title='bbox 426 757 573 841; x_wconf 93' lang='lat' dir='ltr'><strong>publicae</strong></span> <span class='ocrx_word' id='word_1_43' title='bbox 596 758 687 840; x_wconf 91' lang='lat' dir='ltr'><strong>argui</strong></span> <span class='ocrx_word' id='word_1_44' title='bbox 710 778 774 822; x_wconf 93' lang='lat' dir='ltr'><strong>non</strong></span> <span class='ocrx_word' id='word_1_45' title='bbox 800 763 956 842; x_wconf 92' lang='lat' dir='ltr'><strong>poterant,</strong></span> <span class='ocrx_word' id='word_1_46' title='bbox 988 758 1028 823; x_wconf 94' lang='lat' dir='ltr'><strong>ob</strong></span> <span class='ocrx_word' id='word_1_47' title='bbox 1059 758 1210 824; x_wconf 82' lang='lat' dir='ltr'><strong>lacrimas</strong></span> 
     </span>
     <span class='ocr_line' id='line_1_7' title="bbox 167 861 1210 945; baseline 0 -19"><span class='ocrx_word' id='word_1_48' title='bbox 167 863 408 945; x_wconf 78' lang='lat' dir='ltr'><strong>incusabantur5</strong></span> <span class='ocrx_word' id='word_1_49' title='bbox 444 868 620 944; x_wconf 78' lang='lat' dir='ltr'><strong>necataque</strong></span> <span class='ocrx_word' id='word_1_50' title='bbox 650 868 698 926; x_wconf 89' lang='lat' dir='ltr'><strong>est</strong></span> <span class='ocrx_word' id='word_1_51' title='bbox 727 882 808 927; x_wconf 89' lang='lat' dir='ltr'><strong>anus</strong></span> <span class='ocrx_word' id='word_1_52' title='bbox 838 862 933 943; x_wconf 92' lang='lat' dir='ltr'><strong>Vitia,</strong></span> <span class='ocrx_word' id='word_1_53' title='bbox 968 861 1052 927; x_wconf 88' lang='lat' dir='ltr'><strong>Fufii</strong></span> <span class='ocrx_word' id='word_1_54' title='bbox 1081 862 1210 928; x_wconf 86' lang='lat' dir='ltr'><strong>Gemini</strong></span> 
     </span>
     <span class='ocr_line' id='line_1_8' title="bbox 168 965 1265 1050; baseline 0.002 -21"><span class='ocrx_word' id='word_1_55' title='bbox 168 972 278 1046; x_wconf 91' lang='lat' dir='ltr'><strong>mater,</strong></span> <span class='ocrx_word' id='word_1_56' title='bbox 303 965 387 1047; x_wconf 93' lang='lat' dir='ltr'><strong>quod</strong></span> <span class='ocrx_word' id='word_1_57' title='bbox 409 965 465 1029; x_wconf 90' lang='lat' dir='ltr'><strong>filii</strong></span> <span class='ocrx_word' id='word_1_58' title='bbox 489 985 599 1030; x_wconf 90' lang='lat' dir='ltr'><strong>necem</strong></span> <span class='ocrx_word' id='word_1_59' title='bbox 625 965 775 1031; x_wconf 84' lang='lat' dir='ltr'><strong>flevisset.</strong></span> <span class='ocrx_word' id='word_1_60' title='bbox 820 966 901 1030; x_wconf 92' lang='lat' dir='ltr'><strong>haec</strong></span> <span class='ocrx_word' id='word_1_61' title='bbox 930 965 1015 1050; x_wconf 93' lang='lat' dir='ltr'><strong>apud</strong></span> <span class='ocrx_word' id='word_1_62' title='bbox 1046 972 1209 1031; x_wconf 91' lang='lat' dir='ltr'><strong>senatum:</strong></span> <span class='ocrx_word' id='word_1_63' title='bbox 1262 1015 1265 1019; x_wconf 83' lang='lat'><em>-</em></span> 
     </span>
     <span class='ocr_line' id='line_1_9' title="bbox 169 1069 1211 1153; baseline 0.003 -20"><span class='ocrx_word' id='word_1_64' title='bbox 169 1089 229 1133; x_wconf 90' lang='lat' dir='ltr'><strong>nec</strong></span> <span class='ocrx_word' id='word_1_65' title='bbox 252 1089 343 1134; x_wconf 89' lang='lat' dir='ltr'><strong>secus</strong></span> <span class='ocrx_word' id='word_1_66' title='bbox 365 1069 451 1153; x_wconf 92' lang='lat' dir='ltr'><strong>apud</strong></span> <span class='ocrx_word' id='word_1_67' title='bbox 473 1070 649 1153; x_wconf 87' lang='lat' dir='ltr'><strong>principem</strong></span> <span class='ocrx_word' id='word_1_68' title='bbox 666 1070 868 1135; x_wconf 86' lang='lat' dir='ltr'><strong>Vescularius</strong></span> <span class='ocrx_word' id='word_1_69' title='bbox 891 1071 1087 1135; x_wconf 78' lang='lat' dir='ltr'><strong>Flaccusac</strong></span> <span class='ocrx_word' id='word_1_70' title='bbox 1109 1071 1211 1136; x_wconf 92' lang='lat' dir='ltr'><strong>Iulius</strong></span> 
     </span>
     <span class='ocr_line' id='line_1_10' title="bbox 168 1172 1209 1257; baseline 0.003 -21"><span class='ocrx_word' id='word_1_71' title='bbox 168 1173 309 1237; x_wconf 88' lang='lat' dir='ltr'><strong>Marinus</strong></span> <span class='ocrx_word' id='word_1_72' title='bbox 324 1172 366 1236; x_wconf 93' lang='lat' dir='ltr'><strong>ad</strong></span> <span class='ocrx_word' id='word_1_73' title='bbox 385 1180 518 1238; x_wconf 87' lang='lat' dir='ltr'><strong>mortem</strong></span> <span class='ocrx_word' id='word_1_74' title='bbox 537 1179 683 1257; x_wconf 88' lang='lat' dir='ltr'><strong>aguntur,</strong></span> <span class='ocrx_word' id='word_1_75' title='bbox 708 1193 725 1237; x_wconf 90' lang='lat' dir='ltr'><strong>e</strong></span> <span class='ocrx_word' id='word_1_76' title='bbox 748 1173 970 1239; x_wconf 77' lang='lat' dir='ltr'><strong>vetustissimis</strong></span> <span class='ocrx_word' id='word_1_77' title='bbox 993 1173 1209 1255; x_wconf 86' lang='lat' dir='ltr'><strong>familiarium,</strong></span> 
     </span>
     <span class='ocr_line' id='line_1_11' title="bbox 168 1276 1210 1361; baseline 0.003 -21"><span class='ocrx_word' id='word_1_78' title='bbox 168 1276 316 1341; x_wconf 87' lang='lat' dir='ltr'><strong>Rhodum</strong></span> <span class='ocrx_word' id='word_1_79' title='bbox 346 1277 445 1342; x_wconf 91' lang='lat' dir='ltr'><strong>secuti</strong></span> <span class='ocrx_word' id='word_1_80' title='bbox 473 1283 504 1341; x_wconf 91' lang='lat' dir='ltr'><strong>et</strong></span> <span class='ocrx_word' id='word_1_81' title='bbox 530 1276 616 1361; x_wconf 92' lang='lat' dir='ltr'><strong>apud</strong></span> <span class='ocrx_word' id='word_1_82' title='bbox 640 1278 779 1361; x_wconf 80' lang='lat' dir='ltr'><strong>Capreas</strong></span> <span class='ocrx_word' id='word_1_83' title='bbox 809 1277 975 1358; x_wconf 83' lang='lat' dir='ltr'><strong>individui,</strong></span> <span class='ocrx_word' id='word_1_84' title='bbox 1006 1277 1210 1343; x_wconf 90' lang='lat' dir='ltr'><strong>Vescularius</strong></span> 
     </span>
     <span class='ocr_line' id='line_1_12' title="bbox 168 1381 1211 1465; baseline 0.001 -20"><span class='ocrx_word' id='word_1_85' title='bbox 168 1381 355 1446; x_wconf 89' lang='lat' dir='ltr'><strong>insidiarum</strong></span> <span class='ocrx_word' id='word_1_86' title='bbox 387 1381 421 1445; x_wconf 94' lang='lat' dir='ltr'><strong>in</strong></span> <span class='ocrx_word' id='word_1_87' title='bbox 455 1381 610 1445; x_wconf 87' lang='lat' dir='ltr'><strong>Libonem</strong></span> <span class='ocrx_word' id='word_1_88' title='bbox 642 1381 868 1465; x_wconf 71' lang='lat' dir='ltr'><strong>internuntius,</strong></span> <span class='ocrx_word' id='word_1_89' title='bbox 903 1381 1024 1446; x_wconf 86' lang='lat' dir='ltr'><strong>Marino</strong></span> <span class='ocrx_word' id='word_1_90' title='bbox 1054 1381 1211 1465; x_wconf 88' lang='lat' dir='ltr'><strong>participe</strong></span> 
     </span>
     <span class='ocr_line' id='line_1_13' title="bbox 169 1484 1210 1569; baseline -0.002 -18"><span class='ocrx_word' id='word_1_91' title='bbox 169 1486 304 1551; x_wconf 85' lang='lat' dir='ltr'><strong>Seianus</strong></span> <span class='ocrx_word' id='word_1_92' title='bbox 328 1486 469 1550; x_wconf 82' lang='lat' dir='ltr'><strong>Curtium</strong></span> <span class='ocrx_word' id='word_1_93' title='bbox 492 1484 633 1549; x_wconf 82' lang='lat' dir='ltr'><strong>Atticum</strong></span> <span class='ocrx_word' id='word_1_94' title='bbox 655 1491 863 1569; x_wconf 84' lang='lat' dir='ltr'><strong>oppresserat.</strong></span> <span class='ocrx_word' id='word_1_95' title='bbox 892 1506 954 1568; x_wconf 88' lang='lat' dir='ltr'><strong>quo</strong></span> <span class='ocrx_word' id='word_1_96' title='bbox 970 1485 1083 1550; x_wconf 91' lang='lat' dir='ltr'><strong>laetius</strong></span> <span class='ocrx_word' id='word_1_97' title='bbox 1099 1505 1210 1569; x_wconf 90' lang='lat' dir='ltr'><strong>accep-</strong></span> 
     </span>
     <span class='ocr_line' id='line_1_14' title="bbox 169 1589 944 1674; baseline -0.003 -18"><span class='ocrx_word' id='word_1_98' title='bbox 169 1598 236 1656; x_wconf 92' lang='lat' dir='ltr'><strong>tum</strong></span> <span class='ocrx_word' id='word_1_99' title='bbox 260 1610 316 1655; x_wconf 91' lang='lat' dir='ltr'><strong>sua</strong></span> <span class='ocrx_word' id='word_1_100' title='bbox 339 1590 487 1674; x_wconf 91' lang='lat' dir='ltr'><strong>exempla</strong></span> <span class='ocrx_word' id='word_1_101' title='bbox 509 1589 542 1653; x_wconf 91' lang='lat' dir='ltr'><strong>in</strong></span> <span class='ocrx_word' id='word_1_102' title='bbox 567 1590 762 1662; x_wconf 87' lang='lat' dir='ltr'><strong>consultores</strong></span> <span class='ocrx_word' id='word_1_103' title='bbox 784 1589 944 1656; x_wconf 91' lang='lat' dir='ltr'><strong>recidisse.</strong></span> 
     </span>
    </p>

    <p class='ocr_par' dir='ltr' id='par_1_5' title="bbox 0 1688 1211 1810">
     <span class='ocr_line' id='line_1_15' title="bbox 0 1688 1211 1810; baseline 0 -53"><span class='ocrx_word' id='word_1_104' title='bbox 0 1759 36 1800; x_wconf 57' lang='lat'><strong>,‚</strong></span> <span class='ocrx_word' id='word_1_105' title='bbox 50 1688 152 1810; x_wconf 42' lang='lat' dir='ltr'><strong>{aaa</strong></span> <span class='ocrx_word' id='word_1_106' title='bbox 255 1692 424 1758; x_wconf 85' lang='lat' dir='ltr'><strong>Paridem</strong></span> <span class='ocrx_word' id='word_1_107' title='bbox 447 1700 572 1778; x_wconf 90' lang='lat' dir='ltr'><strong>tempus</strong></span> <span class='ocrx_word' id='word_1_108' title='bbox 594 1694 629 1757; x_wconf 89' lang='lat' dir='ltr'><strong>L.</strong></span> <span class='ocrx_word' id='word_1_109' title='bbox 654 1694 727 1758; x_wconf 92' lang='lat' dir='ltr'><strong>Piso</strong></span> <span class='ocrx_word' id='word_1_110' title='bbox 750 1693 904 1777; x_wconf 84' lang='lat' dir='ltr'><strong>pontifex,</strong></span> <span class='ocrx_word' id='word_1_111' title='bbox 933 1714 1040 1758; x_wconf 88' lang='lat' dir='ltr'><strong>rarum</strong></span> <span class='ocrx_word' id='word_1_112' title='bbox 1062 1694 1096 1757; x_wconf 95' lang='lat' dir='ltr'><strong>in</strong></span> <span class='ocrx_word' id='word_1_113' title='bbox 1119 1699 1211 1758; x_wconf 90' lang='lat' dir='ltr'><strong>tanta</strong></span> 
     </span>
    </p>

    <p class='ocr_par' dir='ltr' id='par_1_6' title="bbox 45 1797 1210 1882">
     <span class='ocr_line' id='line_1_16' title="bbox 45 1797 1210 1882; baseline 0 -19"><span class='ocrx_word' id='word_1_114' title='bbox 45 1826 104 1879; x_wconf 68' lang='lat' dir='ltr'><strong>nm,</strong></span> <span class='ocrx_word' id='word_1_115' title='bbox 170 1797 366 1878; x_wconf 87' lang='lat' dir='ltr'><strong>claritudine,</strong></span> <span class='ocrx_word' id='word_1_116' title='bbox 397 1797 462 1863; x_wconf 91' lang='lat' dir='ltr'><strong>fato</strong></span> <span class='ocrx_word' id='word_1_117' title='bbox 492 1797 579 1878; x_wconf 84' lang='lat' dir='ltr'><strong>obiit,</strong></span> <span class='ocrx_word' id='word_1_118' title='bbox 609 1798 725 1862; x_wconf 91' lang='lat' dir='ltr'><strong>nullius</strong></span> <span class='ocrx_word' id='word_1_119' title='bbox 748 1797 871 1862; x_wconf 90' lang='lat' dir='ltr'><strong>servilis</strong></span> <span class='ocrx_word' id='word_1_120' title='bbox 894 1797 1072 1863; x_wconf 89' lang='lat' dir='ltr'><strong>sententiae</strong></span> <span class='ocrx_word' id='word_1_121' title='bbox 1095 1804 1210 1882; x_wconf 90' lang='lat' dir='ltr'><strong>sponte</strong></span> 
     </span>
    </p>

    <p class='ocr_par' dir='ltr' id='par_1_7' title="bbox 168 1901 1212 2507">
     <span class='ocr_line' id='line_1_17' title="bbox 168 1901 1210 1986; baseline -0.002 -18"><span class='ocrx_word' id='word_1_122' title='bbox 168 1909 287 1985; x_wconf 88' lang='lat' dir='ltr'><strong>auctor,</strong></span> <span class='ocrx_word' id='word_1_123' title='bbox 319 1908 351 1967; x_wconf 90' lang='lat' dir='ltr'><strong>et</strong></span> <span class='ocrx_word' id='word_1_124' title='bbox 381 1901 528 1984; x_wconf 90' lang='lat' dir='ltr'><strong>quotiens</strong></span> <span class='ocrx_word' id='word_1_125' title='bbox 557 1902 732 1966; x_wconf 88' lang='lat' dir='ltr'><strong>necessitas</strong></span> <span class='ocrx_word' id='word_1_126' title='bbox 755 1903 925 1986; x_wconf 84' lang='lat' dir='ltr'><strong>ingrueret,</strong></span> <span class='ocrx_word' id='word_1_127' title='bbox 956 1902 1118 1986; x_wconf 88' lang='lat' dir='ltr'><strong>sapienter</strong></span> <span class='ocrx_word' id='word_1_128' title='bbox 1148 1922 1210 1966; x_wconf 92' lang='lat' dir='ltr'><strong>mo-</strong></span> 
     </span>
     <span class='ocr_line' id='line_1_18' title="bbox 169 2005 1210 2091; baseline 0 -21"><span class='ocrx_word' id='word_1_129' title='bbox 169 2006 293 2071; x_wconf 89' lang='lat' dir='ltr'><strong>derans.</strong></span> <span class='ocrx_word' id='word_1_130' title='bbox 318 2013 440 2089; x_wconf 90' lang='lat' dir='ltr'><strong>patrem</strong></span> <span class='ocrx_word' id='word_1_131' title='bbox 464 2006 494 2070; x_wconf 90' lang='lat' dir='ltr'><strong>ei</strong></span> <span class='ocrx_word' id='word_1_132' title='bbox 517 2006 693 2070; x_wconf 90' lang='lat' dir='ltr'><strong>censorium</strong></span> <span class='ocrx_word' id='word_1_133' title='bbox 716 2005 815 2071; x_wconf 89' lang='lat' dir='ltr'><strong>fuisse</strong></span> <span class='ocrx_word' id='word_1_134' title='bbox 837 2007 1023 2091; x_wconf 85' lang='lat' dir='ltr'><strong>memoravi;</strong></span> <span class='ocrx_word' id='word_1_135' title='bbox 1055 2013 1145 2071; x_wconf 89' lang='lat' dir='ltr'><strong>aetas</strong></span> <span class='ocrx_word' id='word_1_136' title='bbox 1167 2007 1210 2070; x_wconf 89' lang='lat' dir='ltr'><strong>ad</strong></span> 
     </span>
     <span class='ocr_line' id='line_1_19' title="bbox 169 2110 1210 2194; baseline -0.002 -18"><span class='ocrx_word' id='word_1_137' title='bbox 169 2110 417 2194; x_wconf 87' lang='lat' dir='ltr'><strong>octogensimum</strong></span> <span class='ocrx_word' id='word_1_138' title='bbox 454 2130 574 2173; x_wconf 92' lang='lat' dir='ltr'><strong>annum</strong></span> <span class='ocrx_word' id='word_1_139' title='bbox 611 2110 778 2193; x_wconf 83' lang='lat' dir='ltr'><strong>processit3</strong></span> <span class='ocrx_word' id='word_1_140' title='bbox 822 2110 918 2176; x_wconf 88' lang='lat' dir='ltr'><strong>decus</strong></span> <span class='ocrx_word' id='word_1_141' title='bbox 952 2111 1143 2194; x_wconf 90' lang='lat' dir='ltr'><strong>triumphale</strong></span> <span class='ocrx_word' id='word_1_142' title='bbox 1177 2111 1210 2174; x_wconf 96' lang='lat' dir='ltr'><strong>in</strong></span> 
     </span>
     <span class='ocr_line' id='line_1_20' title="bbox 169 2212 1212 2298; baseline -0.001 -20"><span class='ocrx_word' id='word_1_143' title='bbox 169 2213 326 2278; x_wconf 85' lang='lat' dir='ltr'><strong>Thraecia</strong></span> <span class='ocrx_word' id='word_1_144' title='bbox 349 2218 515 2277; x_wconf 88' lang='lat' dir='ltr'><strong>meruerat.</strong></span> <span class='ocrx_word' id='word_1_145' title='bbox 562 2212 619 2278; x_wconf 90' lang='lat' dir='ltr'><strong>sed</strong></span> <span class='ocrx_word' id='word_1_146' title='bbox 648 2214 819 2298; x_wconf 92' lang='lat' dir='ltr'><strong>praecipua</strong></span> <span class='ocrx_word' id='word_1_147' title='bbox 850 2234 891 2278; x_wconf 87' lang='lat' dir='ltr'><strong>ex</strong></span> <span class='ocrx_word' id='word_1_148' title='bbox 921 2235 959 2279; x_wconf 90' lang='lat' dir='ltr'><strong>eo</strong></span> <span class='ocrx_word' id='word_1_149' title='bbox 985 2214 1095 2298; x_wconf 88' lang='lat' dir='ltr'><strong>gloria,</strong></span> <span class='ocrx_word' id='word_1_150' title='bbox 1127 2213 1212 2296; x_wconf 95' lang='lat' dir='ltr'><strong>quod</strong></span> 
     </span>
     <span class='ocr_line' id='line_1_21' title="bbox 169 2316 1212 2402; baseline 0 -20"><span class='ocrx_word' id='word_1_151' title='bbox 169 2316 350 2402; x_wconf 86' lang='lat' dir='ltr'><strong>praefectus</strong></span> <span class='ocrx_word' id='word_1_152' title='bbox 372 2317 443 2381; x_wconf 91' lang='lat' dir='ltr'><strong>urbi</strong></span> <span class='ocrx_word' id='word_1_153' title='bbox 465 2336 576 2381; x_wconf 88' lang='lat' dir='ltr'><strong>recens</strong></span> <span class='ocrx_word' id='word_1_154' title='bbox 592 2318 774 2382; x_wconf 91' lang='lat' dir='ltr'><strong>continuam</strong></span> <span class='ocrx_word' id='word_1_155' title='bbox 790 2323 979 2401; x_wconf 88' lang='lat' dir='ltr'><strong>potestatem</strong></span> <span class='ocrx_word' id='word_1_156' title='bbox 995 2324 1026 2382; x_wconf 90' lang='lat' dir='ltr'><strong>et</strong></span> <span class='ocrx_word' id='word_1_157' title='bbox 1040 2317 1212 2382; x_wconf 89' lang='lat' dir='ltr'><strong>insolentia</strong></span> 
     </span>
     <span class='ocr_line' id='line_1_22' title="bbox 170 2420 826 2507; baseline -0.002 -22"><span class='ocrx_word' id='word_1_158' title='bbox 170 2420 302 2507; x_wconf 92' lang='lat' dir='ltr'><strong>parendi</strong></span> <span class='ocrx_word' id='word_1_159' title='bbox 326 2420 505 2504; x_wconf 85' lang='lat' dir='ltr'><strong>graviorem</strong></span> <span class='ocrx_word' id='word_1_160' title='bbox 528 2420 606 2484; x_wconf 88' lang='lat' dir='ltr'><strong>mire</strong></span> <span class='ocrx_word' id='word_1_161' title='bbox 628 2421 826 2504; x_wconf 83' lang='lat' dir='ltr'><strong>temperavit.</strong></span> 
     </span>
    </p>

    <p class='ocr_par' dir='ltr' id='par_1_8' title="bbox 11 2517 1211 2631">
     <span class='ocr_line' id='line_1_23' title="bbox 11 2517 1211 2631; baseline -0.001 -42"><span class='ocrx_word' id='word_1_162' title='bbox 11 2517 140 2631; x_wconf 42' lang='lat' dir='ltr'><strong>{Vm</strong></span> <span class='ocrx_word' id='word_1_163' title='bbox 260 2526 309 2589; x_wconf 86' lang='lat'><strong>11.</strong></span> <span class='ocrx_word' id='word_1_164' title='bbox 333 2526 481 2608; x_wconf 87' lang='lat' dir='ltr'><strong>Namque</strong></span> <span class='ocrx_word' id='word_1_165' title='bbox 503 2531 609 2605; x_wconf 91' lang='lat' dir='ltr'><strong>antea,</strong></span> <span class='ocrx_word' id='word_1_166' title='bbox 632 2525 784 2608; x_wconf 84' lang='lat' dir='ltr'><strong>profectis</strong></span> <span class='ocrx_word' id='word_1_167' title='bbox 806 2525 898 2591; x_wconf 93' lang='lat' dir='ltr'><strong>domo</strong></span> <span class='ocrx_word' id='word_1_168' title='bbox 921 2525 1050 2608; x_wconf 88' lang='lat' dir='ltr'><strong>regibus</strong></span> <span class='ocrx_word' id='word_1_169' title='bbox 1073 2545 1112 2589; x_wconf 88' lang='lat' dir='ltr'><strong>ao</strong></span> <span class='ocrx_word' id='word_1_170' title='bbox 1134 2545 1211 2589; x_wconf 87' lang='lat' dir='ltr'><strong>mox</strong></span> 
     </span>
    </p>

    <p class='ocr_par' dir='ltr' id='par_1_9' title="bbox 17 2628 1217 3857">
     <span class='ocr_line' id='line_1_24' title="bbox 17 2628 1212 2714; baseline -0.002 -19"><span class='ocrx_word' id='word_1_171' title='bbox 17 2656 132 2710; x_wconf 57' lang='lat' dir='ltr'><strong>erepant.</strong></span> <span class='ocrx_word' id='word_1_172' title='bbox 171 2631 418 2714; x_wconf 88' lang='lat' dir='ltr'><strong>magistratibus,</strong></span> <span class='ocrx_word' id='word_1_173' title='bbox 453 2651 493 2694; x_wconf 93' lang='lat' dir='ltr'><strong>ne</strong></span> <span class='ocrx_word' id='word_1_174' title='bbox 524 2630 599 2693; x_wconf 91' lang='lat' dir='ltr'><strong>urbs</strong></span> <span class='ocrx_word' id='word_1_175' title='bbox 630 2629 700 2693; x_wconf 91' lang='lat' dir='ltr'><strong>sine</strong></span> <span class='ocrx_word' id='word_1_176' title='bbox 729 2630 861 2712; x_wconf 90' lang='lat' dir='ltr'><strong>imperio</strong></span> <span class='ocrx_word' id='word_1_177' title='bbox 892 2628 995 2710; x_wconf 68' lang='lat' dir='ltr'><strong>foret,⁴</strong></span> <span class='ocrx_word' id='word_1_178' title='bbox 1018 2629 1051 2692; x_wconf 96' lang='lat' dir='ltr'><strong>in</strong></span> <span class='ocrx_word' id='word_1_179' title='bbox 1085 2634 1212 2712; x_wconf 90' lang='lat' dir='ltr'><strong>tempus</strong></span> 
     </span>
     <span class='ocr_line' id='line_1_25' title="bbox 172 2732 1213 2818; baseline -0.002 -20"><span class='ocrx_word' id='word_1_180' title='bbox 172 2734 378 2818; x_wconf 84' lang='lat' dir='ltr'><strong>deligebatur,</strong></span> <span class='ocrx_word' id='word_1_181' title='bbox 403 2735 456 2816; x_wconf 95' lang='lat' dir='ltr'><strong>qui</strong></span> <span class='ocrx_word' id='word_1_182' title='bbox 471 2734 521 2798; x_wconf 88' lang='lat' dir='ltr'><strong>ius</strong></span> <span class='ocrx_word' id='word_1_183' title='bbox 536 2732 683 2798; x_wconf 87' lang='lat' dir='ltr'><strong>redderet</strong></span> <span class='ocrx_word' id='word_1_184' title='bbox 697 2753 736 2797; x_wconf 92' lang='lat' dir='ltr'><strong>ac</strong></span> <span class='ocrx_word' id='word_1_185' title='bbox 751 2734 863 2799; x_wconf 89' lang='lat' dir='ltr'><strong>subitis</strong></span> <span class='ocrx_word' id='word_1_186' title='bbox 879 2732 1071 2816; x_wconf 80' lang='lat' dir='ltr'><strong>mederetur3</strong></span> <span class='ocrx_word' id='word_1_187' title='bbox 1093 2732 1213 2797; x_wconf 84' lang='lat' dir='ltr'><strong>ferunt-</strong></span> 
     </span>
     <span class='ocr_line' id='line_1_26' title="bbox 172 2836 1213 2921; baseline -0.002 -19"><span class='ocrx_word' id='word_1_188' title='bbox 172 2859 233 2921; x_wconf 90' lang='lat' dir='ltr'><strong>que</strong></span> <span class='ocrx_word' id='word_1_189' title='bbox 248 2838 289 2902; x_wconf 92' lang='lat' dir='ltr'><strong>ab</strong></span> <span class='ocrx_word' id='word_1_190' title='bbox 305 2838 438 2903; x_wconf 86' lang='lat' dir='ltr'><strong>Romulo</strong></span> <span class='ocrx_word' id='word_1_191' title='bbox 453 2838 607 2902; x_wconf 91' lang='lat' dir='ltr'><strong>Dentrem</strong></span> <span class='ocrx_word' id='word_1_192' title='bbox 622 2837 811 2918; x_wconf 88' lang='lat' dir='ltr'><strong>Romulium,</strong></span> <span class='ocrx_word' id='word_1_193' title='bbox 827 2844 898 2920; x_wconf 85' lang='lat' dir='ltr'><strong>post</strong></span> <span class='ocrx_word' id='word_1_194' title='bbox 913 2838 953 2901; x_wconf 90' lang='lat' dir='ltr'><strong>ab</strong></span> <span class='ocrx_word' id='word_1_195' title='bbox 970 2837 1061 2902; x_wconf 83' lang='lat' dir='ltr'><strong>Tullo</strong></span> <span class='ocrx_word' id='word_1_196' title='bbox 1077 2836 1213 2901; x_wconf 91' lang='lat' dir='ltr'><strong>Hostilio</strong></span> 
     </span>
     <span class='ocr_line' id='line_1_27' title="bbox 171 2941 1214 3025; baseline -0.003 -18"><span class='ocrx_word' id='word_1_197' title='bbox 171 2944 311 3007; x_wconf 90' lang='lat' dir='ltr'><strong>Numam</strong></span> <span class='ocrx_word' id='word_1_198' title='bbox 333 2941 485 3005; x_wconf 88' lang='lat' dir='ltr'><strong>Marcium</strong></span> <span class='ocrx_word' id='word_1_199' title='bbox 508 2947 540 3005; x_wconf 88' lang='lat' dir='ltr'><strong>ct</strong></span> <span class='ocrx_word' id='word_1_200' title='bbox 561 2942 603 3006; x_wconf 91' lang='lat' dir='ltr'><strong>ab</strong></span> <span class='ocrx_word' id='word_1_201' title='bbox 626 2941 799 3024; x_wconf 88' lang='lat' dir='ltr'><strong>Tarquinio</strong></span> <span class='ocrx_word' id='word_1_202' title='bbox 822 2942 965 3025; x_wconf 83' lang='lat' dir='ltr'><strong>Superbo</strong></span> <span class='ocrx_word' id='word_1_203' title='bbox 985 2941 1133 3025; x_wconf 88' lang='lat' dir='ltr'><strong>Spurium</strong></span> <span class='ocrx_word' id='word_1_204' title='bbox 1153 2941 1214 3004; x_wconf 92' lang='lat' dir='ltr'><strong>Lu·</strong></span> 
     </span>
     <span class='ocr_line' id='line_1_28' title="bbox 173 3043 1214 3129; baseline -0.001 -19"><span class='ocrx_word' id='word_1_205' title='bbox 173 3045 304 3110; x_wconf 91' lang='lat' dir='ltr'><strong>cretium</strong></span> <span class='ocrx_word' id='word_1_206' title='bbox 334 3044 497 3128; x_wconf 87' lang='lat' dir='ltr'><strong>inpositos.</strong></span> <span class='ocrx_word' id='word_1_207' title='bbox 545 3043 618 3109; x_wconf 93' lang='lat' dir='ltr'><strong>dein</strong></span> <span class='ocrx_word' id='word_1_208' title='bbox 647 3045 792 3110; x_wconf 89' lang='lat' dir='ltr'><strong>consules</strong></span> <span class='ocrx_word' id='word_1_209' title='bbox 815 3044 1025 3129; x_wconf 71' lang='lat' dir='ltr'><strong>mandabant,</strong></span> <span class='ocrx_word' id='word_1_210' title='bbox 1056 3044 1214 3126; x_wconf 88' lang='lat' dir='ltr'><strong>duratque</strong></span> 
     </span>
     <span class='ocr_line' id='line_1_29' title="bbox 173 3148 1214 3232; baseline -0.004 -17"><span class='ocrx_word' id='word_1_211' title='bbox 173 3150 385 3230; x_wconf 90' lang='lat' dir='ltr'><strong>simulacrum,</strong></span> <span class='ocrx_word' id='word_1_212' title='bbox 417 3149 562 3230; x_wconf 91' lang='lat' dir='ltr'><strong>quotiens</strong></span> <span class='ocrx_word' id='word_1_213' title='bbox 592 3150 632 3214; x_wconf 93' lang='lat' dir='ltr'><strong>ob</strong></span> <span class='ocrx_word' id='word_1_214' title='bbox 664 3149 759 3213; x_wconf 87' lang='lat' dir='ltr'><strong>ferias</strong></span> <span class='ocrx_word' id='word_1_215' title='bbox 786 3149 918 3214; x_wconf 89' lang='lat' dir='ltr'><strong>Latinas</strong></span> <span class='ocrx_word' id='word_1_216' title='bbox 947 3148 1129 3232; x_wconf 86' lang='lat' dir='ltr'><strong>praeficitur</strong></span> <span class='ocrx_word' id='word_1_217' title='bbox 1160 3148 1214 3231; x_wconf 94' lang='lat' dir='ltr'><strong>qui</strong></span> 
     </span>
     <span class='ocr_line' id='line_1_30' title="bbox 174 3251 1215 3336; baseline -0.003 -18"><span class='ocrx_word' id='word_1_218' title='bbox 174 3254 337 3319; x_wconf 88' lang='lat' dir='ltr'><strong>consulare</strong></span> <span class='ocrx_word' id='word_1_219' title='bbox 359 3273 474 3317; x_wconf 94' lang='lat' dir='ltr'><strong>munus</strong></span> <span class='ocrx_word' id='word_1_220' title='bbox 497 3259 634 3336; x_wconf 91' lang='lat' dir='ltr'><strong>usurpet.</strong></span> <span class='ocrx_word' id='word_1_221' title='bbox 664 3259 803 3316; x_wconf 90' lang='lat' dir='ltr'><strong>ceterum</strong></span> <span class='ocrx_word' id='word_1_222' title='bbox 817 3252 981 3335; x_wconf 87' lang='lat' dir='ltr'><strong>Augustus</strong></span> <span class='ocrx_word' id='word_1_223' title='bbox 1003 3252 1094 3317; x_wconf 90' lang='lat' dir='ltr'><strong>bellis</strong></span> <span class='ocrx_word' id='word_1_224' title='bbox 1118 3251 1215 3316; x_wconf 88' lang='lat' dir='ltr'><strong>civili-</strong></span> 
     </span>
     <span class='ocr_line' id='line_1_31' title="bbox 173 3354 1215 3439; baseline -0.003 -17"><span class='ocrx_word' id='word_1_225' title='bbox 173 3358 233 3422; x_wconf 90' lang='lat' dir='ltr'><strong>bus</strong></span> <span class='ocrx_word' id='word_1_226' title='bbox 257 3357 395 3422; x_wconf 80' lang='lat' dir='ltr'><strong>Cilnium</strong></span> <span class='ocrx_word' id='word_1_227' title='bbox 416 3357 634 3421; x_wconf 87' lang='lat' dir='ltr'><strong>Maecenatem</strong></span> <span class='ocrx_word' id='word_1_228' title='bbox 663 3356 817 3436; x_wconf 91' lang='lat' dir='ltr'><strong>equestris</strong></span> <span class='ocrx_word' id='word_1_229' title='bbox 839 3354 959 3420; x_wconf 91' lang='lat' dir='ltr'><strong>ordinis</strong></span> <span class='ocrx_word' id='word_1_230' title='bbox 982 3356 1105 3420; x_wconf 86' lang='lat' dir='ltr'><strong>cunctis</strong></span> <span class='ocrx_word' id='word_1_231' title='bbox 1127 3354 1215 3439; x_wconf 94' lang='lat' dir='ltr'><strong>apud</strong></span> 
     </span>
     <span class='ocr_line' id='line_1_32' title="bbox 173 3459 1214 3544; baseline -0.002 -18"><span class='ocrx_word' id='word_1_232' title='bbox 173 3463 307 3527; x_wconf 91' lang='lat' dir='ltr'><strong>Romam</strong></span> <span class='ocrx_word' id='word_1_233' title='bbox 330 3468 426 3542; x_wconf 93' lang='lat' dir='ltr'><strong>atque</strong></span> <span class='ocrx_word' id='word_1_234' title='bbox 449 3461 574 3524; x_wconf 91' lang='lat' dir='ltr'><strong>Italiam</strong></span> <span class='ocrx_word' id='word_1_235' title='bbox 597 3460 788 3544; x_wconf 89' lang='lat' dir='ltr'><strong>praeposuit.</strong></span> <span class='ocrx_word' id='word_1_236' title='bbox 813 3479 888 3523; x_wconf 87' lang='lat' dir='ltr'><strong>mox</strong></span> <span class='ocrx_word' id='word_1_237' title='bbox 911 3479 1015 3523; x_wconf 90' lang='lat' dir='ltr'><strong>rerum</strong></span> <span class='ocrx_word' id='word_1_238' title='bbox 1038 3459 1157 3542; x_wconf 93' lang='lat' dir='ltr'><strong>potitus</strong></span> <span class='ocrx_word' id='word_1_239' title='bbox 1173 3459 1214 3524; x_wconf 94' lang='lat' dir='ltr'><strong>ob</strong></span> 
     </span>
     <span class='ocr_line' id='line_1_33' title="bbox 175 3562 1216 3649; baseline -0.001 -20"><span class='ocrx_word' id='word_1_240' title='bbox 175 3564 427 3649; x_wconf 88' lang='lat' dir='ltr'><strong>magnitudinem</strong></span> <span class='ocrx_word' id='word_1_241' title='bbox 455 3564 562 3648; x_wconf 93' lang='lat' dir='ltr'><strong>populi</strong></span> <span class='ocrx_word' id='word_1_242' title='bbox 589 3584 627 3628; x_wconf 89' lang='lat' dir='ltr'><strong>ao</strong></span> <span class='ocrx_word' id='word_1_243' title='bbox 654 3562 745 3628; x_wconf 89' lang='lat' dir='ltr'><strong>tarda</strong></span> <span class='ocrx_word' id='word_1_244' title='bbox 768 3562 874 3646; x_wconf 89' lang='lat' dir='ltr'><strong>legum</strong></span> <span class='ocrx_word' id='word_1_245' title='bbox 896 3563 1016 3627; x_wconf 87' lang='lat' dir='ltr'><strong>auxilia</strong></span> <span class='ocrx_word' id='word_1_246' title='bbox 1040 3563 1174 3646; x_wconf 86' lang='lat' dir='ltr'><strong>sumpsit</strong></span> <span class='ocrx_word' id='word_1_247' title='bbox 1198 3583 1216 3628; x_wconf 91' lang='lat' dir='ltr'><strong>e</strong></span> 
     </span>
     <span class='ocr_line' id='line_1_34' title="bbox 176 3665 1217 3750; baseline -0.003 -16"><span class='ocrx_word' id='word_1_248' title='bbox 176 3669 393 3735; x_wconf 90' lang='lat' dir='ltr'><strong>consularibus</strong></span> <span class='ocrx_word' id='word_1_249' title='bbox 409 3668 463 3750; x_wconf 94' lang='lat' dir='ltr'><strong>qui</strong></span> <span class='ocrx_word' id='word_1_250' title='bbox 479 3674 636 3733; x_wconf 71' lang='lat' dir='ltr'><strong>coerceret</strong></span> <span class='ocrx_word' id='word_1_251' title='bbox 652 3667 782 3732; x_wconf 83' lang='lat' dir='ltr'><strong>servitia</strong></span> <span class='ocrx_word' id='word_1_252' title='bbox 797 3674 829 3732; x_wconf 90' lang='lat' dir='ltr'><strong>et</strong></span> <span class='ocrx_word' id='word_1_253' title='bbox 845 3665 930 3748; x_wconf 93' lang='lat' dir='ltr'><strong>quod</strong></span> <span class='ocrx_word' id='word_1_254' title='bbox 946 3667 1063 3731; x_wconf 86' lang='lat' dir='ltr'><strong>civium</strong></span> <span class='ocrx_word' id='word_1_255' title='bbox 1078 3665 1217 3731; x_wconf 91' lang='lat' dir='ltr'><strong>audacia</strong></span> 
     </span>
     <span class='ocr_line' id='line_1_35' title="bbox 175 3771 1217 3857; baseline -0.001 -19"><span class='ocrx_word' id='word_1_256' title='bbox 175 3772 345 3853; x_wconf 90' lang='lat' dir='ltr'><strong>turbidum,</strong></span> <span class='ocrx_word' id='word_1_257' title='bbox 374 3772 435 3836; x_wconf 91' lang='lat' dir='ltr'><strong>nisi</strong></span> <span class='ocrx_word' id='word_1_258' title='bbox 457 3772 523 3836; x_wconf 90' lang='lat' dir='ltr'><strong>vim</strong></span> <span class='ocrx_word' id='word_1_259' title='bbox 546 3777 675 3837; x_wconf 90' lang='lat' dir='ltr'><strong>metuat.</strong></span> <span class='ocrx_word' id='word_1_260' title='bbox 700 3772 882 3857; x_wconf 90' lang='lat' dir='ltr'><strong>primusque</strong></span> <span class='ocrx_word' id='word_1_261' title='bbox 897 3772 1045 3837; x_wconf 89' lang='lat' dir='ltr'><strong>Messalla</strong></span> <span class='ocrx_word' id='word_1_262' title='bbox 1061 3771 1217 3837; x_wconf 81' lang='lat' dir='ltr'><strong>Corvinus</strong></span> 
     </span>
    </p>
   </div>
   <div class='ocr_carea' id='block_1_3' title="bbox 169 3875 1218 3966">
    <p class='ocr_par' dir='ltr' id='par_1_10' title="bbox 169 3875 1218 3966">
     <span class='ocr_line' id='line_1_36' title="bbox 169 3875 1218 3966; baseline -0.004 -22"><span class='ocrx_word' id='word_1_263' title='bbox 169 3898 241 3944; x_wconf 88' lang='lat' dir='ltr'><strong>eam</strong></span> <span class='ocrx_word' id='word_1_264' title='bbox 264 3883 461 3966; x_wconf 88' lang='lat' dir='ltr'><strong>potestatem</strong></span> <span class='ocrx_word' id='word_1_265' title='bbox 484 3883 516 3944; x_wconf 89' lang='lat' dir='ltr'><strong>et</strong></span> <span class='ocrx_word' id='word_1_266' title='bbox 536 3897 657 3964; x_wconf 89' lang='lat' dir='ltr'><strong>paucos</strong></span> <span class='ocrx_word' id='word_1_267' title='bbox 675 3876 762 3941; x_wconf 84' lang='lat' dir='ltr'><strong>intra</strong></span> <span class='ocrx_word' id='word_1_268' title='bbox 775 3875 845 3941; x_wconf 88' lang='lat' dir='ltr'><strong>dies</strong></span> <span class='ocrx_word' id='word_1_269' title='bbox 857 3876 955 3940; x_wconf 80' lang='lat' dir='ltr'><strong>linem</strong></span> <span class='ocrx_word' id='word_1_270' title='bbox 968 3875 1101 3958; x_wconf 91' lang='lat' dir='ltr'><strong>accepit,</strong></span> <span class='ocrx_word' id='word_1_271' title='bbox 1125 3876 1218 3957; x_wconf 88' lang='lat' dir='ltr'><strong>quasi</strong></span> 
     </span>
    </p>
   </div>
   <div class='ocr_carea' id='block_1_4' title="bbox 0 0 1392 4214">
    <p class='ocr_par' dir='ltr' id='par_1_11' title="bbox 0 0 1392 4214">
     <span class='ocr_line' id='line_1_37' title="bbox 0 0 1392 4214; baseline 0 0"><span class='ocrx_word' id='word_1_272' title='bbox 0 0 1392 4214; x_wconf 95' lang='lat' dir='ltr'><strong> </strong></span> 
     </span>
    </p>
   </div>
  </div>
 </body>
</html>
