2760 4214
183 202 184 206 ,
237 152 298 216 138
469 167 519 222 Ab
538 183 655 223 excessu
672 169 706 223 D.
719 168 847 238 Augusti
864 169 905 224 IV
923 171 1034 225 28-32.

235 342 371 409 Galliam
403 344 577 409 concitores
606 343 682 408 belli
711 342 809 408 index
840 343 924 408 idem
956 349 988 408 et
1016 343 1106 408 testis
1135 342 1276 425 dicebat,

234 447 488 530 adnectebatque
511 447 684 513 Caecilium
706 448 880 515 Cornutum
906 446 1097 532 praetorium
1119 447 1277 513 ministra-

234 552 319 618 visse
341 553 525 637 pecuniam3
556 553 610 634 qui
633 552 738 618 taedio
762 573 916 636 curarum,
948 558 979 618 et
1002 552 1077 634 quia
1098 551 1274 637 pericnlum

234 676 291 740 pro
315 656 413 721 exitio
435 655 622 737 habebatur,
646 663 778 721 mortem
801 656 834 720 in
857 677 892 721 se
915 656 1087 722 festinavit.
1115 662 1149 720 at
1165 662 1277 720 contra

234 780 306 825 reus
340 760 420 824 nihil
451 759 587 826 infracto
621 761 726 826 animo
759 761 912 826 obversus
945 761 979 825 in
1012 760 1113 825 filium
1142 766 1275 842 quatere

234 865 349 944 vincla,
380 884 494 929 vocare
524 864 640 929 ultores
671 863 757 946 deos,
787 870 823 928 ut
853 864 914 929 sibi
944 863 1073 946 quidem
1103 862 1278 929 redderent

195 1019 200 1027 .
236 969 376 1049 exilium,
400 968 454 1032 ubi
477 968 585 1052 procul
608 968 663 1032 tali
685 989 772 1034 more
794 975 914 1052 ageret,
938 968 1036 1033 filium
1053 975 1160 1033 antem
1177 987 1274 1049 quan·

236 1072 338 1154 doque
361 1072 516 1156 supplicia
539 1078 753 1154 sequerentur.
782 1072 1055 1154 adseverabatque
1070 1072 1273 1138 innocentem

236 1178 409 1243 Oomutnm
431 1182 463 1240 et
485 1176 564 1241 salso
587 1176 786 1261 exterritum;
816 1176 913 1259 idque
935 1177 1028 1241 facile
1049 1176 1222 1257 intellectu,
1246 1175 1274 1240 si

234 1280 442 1366 proderentur
470 1279 544 1344 aliiz'
570 1301 635 1345 non
665 1280 750 1344 enim
781 1299 815 1345 se
839 1279 969 1345 caedem
992 1279 1145 1365 principis
1168 1285 1201 1344 et
1222 1299 1276 1346 res

234 1405 335 1450 novas
357 1404 420 1448 uno
443 1384 527 1449 socio
550 1383 715 1466 cogitasse.
811 1368 814 1374 ‘

62 1479 217 1593 „32:12⁰ssss
323 1487 373 1552 29.
398 1489 479 1552 Tum
510 1494 675 1552 accusator
706 1487 762 1552 On.
787 1488 956 1553 Lentulum
988 1493 1019 1553 et
1042 1486 1150 1554 Seium
1172 1487 1276 1552 Tube-

72 1625 207 1671 neaeman,
234 1612 343 1657 renem
371 1591 524 1671 nominat,
555 1611 672 1674 magno
694 1591 815 1683 pudore
839 1592 994 1672 Caesaris,
1026 1611 1097 1656 cum
1120 1590 1277 1675 primores

61 1688 211 1812 ,zfflgssg
235 1697 382 1777 civitatis,
398 1696 502 1760 intimi
514 1695 613 1778 ipsius
628 1695 731 1778 amici,
744 1696 898 1762 Lentulus
914 1696 1085 1761 senectutis
1100 1702 1273 1776 extremae,

211 1789 360 1865 'Tubero
391 1798 516 1863 defecto
547 1819 686 1882 corpore,
718 1800 869 1863 tumultus
897 1798 1020 1863 hostilis
1043 1805 1075 1863 et
1097 1798 1276 1863 turbandae

235 1904 280 1968 rei
295 1902 443 1987 publicae
458 1907 701 1967 accerserentur.
730 1902 787 1967 sed
802 1902 835 1966 hi
852 1901 980 1984 quidem
996 1904 1103 1968 statim
1119 1903 1276 1986 exempti:

235 2007 268 2070 in
291 2011 414 2089 patrem
438 2025 478 2068 ex
501 2005 602 2069 servis
625 2005 811 2087 quaesitum,
847 2011 877 2070 et
900 2006 1044 2087 quaestio
1066 2004 1203 2070 adversa
1225 2025 1275 2070 ac

236 2109 373 2176 cusatori
402 2109 470 2173 fuit.
510 2109 563 2191 qui
591 2108 710 2174 scelere
737 2128 877 2190 vaecors,
909 2109 1001 2174 simul
1030 2109 1120 2193 vulgi
1149 2130 1276 2175 rumore

235 2214 371 2294 territus,
403 2214 497 2278 robur
520 2219 552 2278 et
578 2234 691 2278 saxum
715 2222 770 2277 aut
793 2213 1020 2298 parricidarum
1043 2233 1163 2298 poenas
1184 2213 1274 2277 mini-

235 2319 380 2399 tantium,
411 2319 506 2383 cessit
527 2320 614 2384 urbe.
653 2338 691 2382 ac
714 2324 868 2383 retractus
889 2319 1047 2383 Ravenna
1070 2316 1203 2400 exsequi
1225 2338 1276 2382 ac·

236 2422 429 2487 cusationem
452 2421 599 2506 adigitur,
622 2442 686 2487 non
709 2423 887 2488 occultante
909 2422 1036 2487 Tiberio
1060 2427 1151 2487 vetus
1166 2420 1275 2485 odium

234 2525 402 2592 adversum
419 2526 546 2592 exulem
562 2526 724 2592 Serenum.
745 2546 820 2590 nam
836 2532 908 2610 post
924 2525 1107 2591 damnatum
1119 2525 1274 2590 Libonem

234 2630 340 2695 missis
367 2630 409 2695 ad
433 2630 601 2695 Caesarem
629 2629 742 2694 litteris
765 2630 1013 2714 exprobraverat
1036 2649 1128 2695 suum
1150 2633 1274 2692 tantum

230 2733 373 2798 studium
402 2734 470 2798 sine
497 2733 601 2797 fructu
628 2731 737 2814 fnisse,
767 2732 998 2815 addideratque
1021 2731 1178 2816 quaedam
1202 2751 1273 2797 con·

234 2838 389 2901 tumaoius
413 2857 506 2918 quam
529 2842 630 2900 tutum
652 2836 738 2921 apud
759 2857 852 2903 aures
875 2837 1029 2922 superbas
1052 2843 1084 2902 et
1106 2836 1274 2902 offensioni

235 2940 406 3025 proniores.
453 2960 491 3004 ea
514 2940 631 3005 Caesar
657 2947 727 3006 octo
754 2947 825 3025 post
848 2961 949 3006 annos
971 2941 1100 3022 rettulit,
1131 2940 1273 3005 medium

235 3051 360 3127 tempus
383 3043 469 3108 varie
492 3063 639 3127 arguens,
664 3045 759 3110 etiam
782 3045 809 3110 si
832 3052 989 3111 tormenta
1010 3045 1191 3130 pervicacia
1213 3065 1276 3110 ser-

234 3168 345 3213 vorum
369 3153 478 3212 contra
501 3150 692 3214 evenissent.

81 3239 192 3360 suffia
323 3250 373 3315 30.
398 3252 499 3316 Dictis
522 3252 596 3318 dein
620 3252 786 3319 sententiis
809 3259 843 3317 ut
859 3253 997 3318 Serenus
1019 3272 1106 3316 more
1121 3252 1274 3317 maiorum

70 3378 108 3423 aa
121 3377 207 3422 saraa
234 3356 407 3443 puniretur,
432 3376 494 3439 qno
516 3356 650 3422 molliret
672 3355 836 3438 invidiam,
860 3356 1046 3421 intercessit.
1082 3355 1191 3420 Gallus
1206 3355 1275 3421 Asi-

118 3465 164 3510 Μ
234 3462 306 3527 nius
337 3483 407 3527 cum
431 3461 538 3543 Gyaro
568 3468 623 3524 aut
649 3460 782 3525 Donusa
812 3459 1024 3525 claudendum
1055 3465 1209 3540 censeret,
1240 3458 1276 3524 id

79 3534 191 3648 ”mn
234 3586 359 3648 quoque
382 3571 570 3649 aspernatus
593 3570 651 3645 est,
675 3584 809 3648 egenam
831 3584 935 3646 aquae
957 3569 1122 3645 utramque
1138 3563 1275 3628 insulam

60 3671 217 3725 cassanum
234 3669 375 3734 referens
398 3667 583 3750 dandosque
606 3667 692 3731 vitae
714 3688 799 3749 usus,
824 3668 874 3732 cui
888 3667 956 3731 vita
972 3666 1205 3734 concederetur.
1229 3667 1277 3731 ita

73 3741 203 3795 mmm
234 3773 372 3838 Serenus
387 3773 560 3854 Amorgum
575 3778 762 3856 reportatur.
794 3779 826 3836 et
841 3771 917 3853 quia
931 3773 1088 3837 Cornutus
1104 3791 1162 3836 sna
1177 3791 1275 3835 manu

224 3875 399 3961 ceciderat,
430 3882 540 3944 actum
567 3874 608 3943 de
630 3876 781 3964 praemiis
802 3881 1019 3941 accusatorum
1042 3874 1217 3956 abolendis,
1248 3874 1276 3940 si
