2760 4214
19 2188 69 2233 atto
84 2189 138 2233 uiro

16 2264 60 2302 tou
74 2258 143 2302 (tutuo

25 2324 130 2380 otrttltrt,

20 3435 78 3477 baua
91 3438 138 3478 tux

15 3504 77 3547 rotro
90 3504 134 3547 out

24 3575 66 3615 tou
81 3572 135 3616 triu

16 3639 48 3684 tot
62 3641 143 3685 ernau

29 3711 148 3763 cauabant.
216 3751 222 3765 ,

175 134 217 200 56
418 150 467 205 Ab
487 165 604 205 excessu
621 151 654 206 D.
668 151 795 222 Augusti
813 152 842 205 II
860 155 972 209 26-30.

175 326 320 391 Tiberius
343 327 492 391 monebat
514 324 631 391 rediret
653 325 695 389 ad
718 325 879 391 decretum
902 325 1110 411 triumphum:
1138 325 1216 390 satis

176 430 239 493 iam
272 435 453 510 eventuum,
488 430 565 495 satis
600 450 738 494 casuum.
777 451 928 515 prospera
958 431 1004 494 illi
1037 436 1069 495 et
1098 449 1217 512 magna

175 535 308 618 proclia:
332 554 440 600 eorum
463 553 587 615 quoque
602 533 807 615 meminisset,
831 554 912 616 quae
935 534 1025 599 venti
1039 539 1071 598 ct
1090 532 1216 613 fluctus,

175 639 261 702 nulla
284 637 373 702 ducis
397 637 498 720 culpa,
521 637 633 721 gravia
656 643 762 701 tamen
785 643 817 703 et
840 657 937 702 saeva
960 636 1078 702 damna
1096 636 1218 701 intulis-

176 747 253 807 sent.
293 762 327 806 se
350 741 483 805 noviens
505 761 526 804 a
548 740 622 807 divo
638 741 781 825 Augusto
803 741 837 805 in
858 741 1063 806 Germaniam
1084 740 1219 805 missum

175 847 265 930 plura
300 845 429 909 consilio
463 865 559 927 quam
590 846 623 909 vi
657 845 837 928 perfecisse.
884 846 928 910 sic
959 845 1153 929 Sugambros
1184 845 1219 909 in

175 949 368 1014 deditionem
409 955 565 1033 acceptos
614 950 659 1013 sic
701 949 823 1016 Suebos
864 969 1034 1034 regemque
1074 948 1219 1013 Marobo-

175 1054 273 1117 duum
302 1074 382 1136 pace
411 1054 604 1118 obstrictum.
644 1074 737 1137 posse
769 1060 800 1117 et
823 1053 999 1119 Cheruscos
1031 1059 1219 1134 ceterasque

174 1157 338 1223 rebellium
367 1163 489 1241 gentes,
525 1158 673 1239 quoniam
703 1159 866 1223 Romanae
896 1157 1008 1223 ultioni
1039 1156 1220 1222 consultum

175 1267 269 1342 esset,
303 1262 435 1326 internis
470 1260 634 1326 discordiis
664 1261 807 1343 relinqui.
854 1269 1004 1347 precante
1027 1260 1219 1326 Germanico

174 1386 294 1430 annum
328 1364 505 1430 efficiendis
539 1366 668 1450 coeptis,
702 1366 806 1430 acrius
839 1364 1028 1440 modestiam
1061 1365 1129 1429 eius
1163 1363 1219 1429 ad-

173 1469 315 1554 greditur
337 1471 471 1535 alterum
489 1471 686 1534 consulatum
701 1468 871 1550 offerendo,
896 1469 984 1534 cuius
1004 1468 1114 1533 munia
1128 1488 1219 1553 prae-

174 1595 248 1641 sens
271 1575 380 1639 obiret.
410 1574 503 1638 simul
525 1573 725 1654 adnectebat,
749 1573 775 1638 si
799 1573 880 1638 foret
902 1571 1006 1637 adhuc
1021 1570 1217 1654 bellandum,

174 1679 366 1760 relinqueret
389 1678 553 1742 materiem
576 1679 671 1742 Drusi
695 1677 801 1742 fratris
823 1677 952 1761 gloriae,
977 1676 1031 1758 qui
1046 1675 1132 1740 nullo
1148 1681 1219 1741 tum

175 1782 236 1846 alio
264 1780 354 1847 hoste
378 1803 440 1846 non
464 1781 526 1845 nisi
548 1781 634 1865 apud
658 1781 845 1846 Germanias
866 1779 1000 1862 adsequi
1023 1800 1138 1844 nomen
1160 1779 1218 1844 im-

174 1885 365 1969 peratorium
388 1891 420 1949 et
443 1883 609 1969 deportare
631 1885 771 1949 lauream
794 1891 910 1969 posset.
939 1883 1027 1948 haud
1049 1889 1219 1951 cunctatus

175 1994 223 2052 est
246 1989 327 2052 ultra
350 1988 566 2070 Germanicus,
595 2009 787 2071 quamquam
809 1988 888 2072 fingi
910 2008 950 2052 ea
972 2007 1069 2070 seque
1091 2007 1149 2071 per
1170 1987 1219 2054 in-

176 2091 294 2156 vidiam
316 2098 407 2175 parto
430 2092 493 2155 iam
516 2091 623 2158 decori
644 2091 786 2157 abstrahi
808 2094 1013 2176 intellegeret.

262 2195 313 2259 27.
337 2195 402 2260 Sub
426 2194 511 2259 idem
538 2202 663 2280 tempus
689 2215 707 2260 e
734 2197 855 2261 familia
878 2197 1113 2262 Scriboniorum
1134 2195 1218 2260 Libo

175 2302 295 2364 Drusus
319 2299 459 2363 defertur
489 2299 590 2366 moliri
619 2320 670 2365 res
700 2321 808 2365 novas.
845 2302 912 2365 eius
939 2300 1057 2384 negotii
1079 2299 1217 2382 initium,

174 2402 327 2485 ordinem,
351 2403 447 2466 finem
470 2403 607 2468 curatius
630 2403 793 2485 disseram,
825 2403 900 2486 quia
922 2410 989 2467 tum
1010 2403 1148 2487 primum
1169 2423 1218 2468 re-

174 2513 264 2591 perta
295 2512 367 2571 sunt
398 2527 480 2589 quae
510 2528 566 2590 per
596 2513 642 2571 tot
671 2528 773 2574 annos
794 2527 862 2572 rem
884 2507 1045 2591 publicam
1067 2505 1216 2571 exedere.

174 2611 310 2675 Firmius
334 2611 431 2676 Catus
454 2616 590 2692 senator,
623 2632 664 2675 ex
695 2611 807 2676 intima
833 2611 964 2677 Libonis
991 2611 1140 2692 amicitia,
1170 2610 1218 2676 iu·
1280 2601 1289 2617 ‘

174 2735 288 2780 venem
315 2715 517 2799 inprovidum
545 2721 576 2778 et
598 2714 725 2779 facilem
747 2716 895 2780 inanibus
917 2714 959 2778 ad
982 2713 1217 2780 Chaldaeorum

174 2820 338 2902 promissa,
369 2838 533 2901 magorum
561 2839 660 2899 sacra,
692 2820 885 2885 somniorum
907 2819 1004 2883 etiam
1026 2819 1217 2901 interpretes

173 2922 307 3005 impulit,
342 2921 417 2984 dum
446 2941 599 3004 proavum
629 2923 824 3006 Pompeium,
855 2923 985 2987 amitam
1007 2922 1215 3004 Scriboniam,

174 3044 256 3106 quae
279 3024 439 3107 quondam
455 3026 589 3109 Augusti
613 3027 751 3090 coniunx
774 3027 887 3107 fuerat,
911 3025 1115 3091 consobrinos
1139 3025 1217 3091 Cac-

175 3148 270 3208 sares,
302 3128 429 3211 plenam
456 3130 647 3213 imaginibus
674 3131 802 3194 domum
832 3136 978 3211 ostentat,
1009 3128 1216 3210 hortaturque

174 3231 216 3296 ad
245 3233 356 3296 luxum
386 3239 418 3297 et
445 3253 500 3298 aes
529 3233 678 3314 alienum,
710 3235 814 3301 socius
836 3235 1003 3299 libidinum
1027 3240 1057 3299 et
1080 3233 1216 3299 necessi·

174 3342 284 3417 tatum,
309 3357 372 3418 quo
394 3336 537 3420 pluribus
560 3337 686 3402 indiciis
708 3337 864 3422 inligaret.

260 3440 311 3504 28.
337 3442 380 3506 Ut
409 3442 487 3505 satis
514 3442 642 3506 testium
670 3447 701 3505 et
729 3442 781 3524 qui
805 3442 888 3506 servi
911 3441 1024 3507 eadem
1046 3448 1217 3506 noscerent

173 3544 321 3627 repperit,
345 3543 467 3608 aditum
490 3545 532 3608 ad
554 3545 731 3629 principem
753 3546 900 3629 postulat,
925 3545 1137 3610 demonstrato
1158 3546 1215 3611 cri-

173 3648 258 3711 mine
282 3653 313 3711 et
335 3668 388 3713 reo
407 3669 464 3731 per
479 3648 628 3712 Flaccum
639 3649 856 3729 Vescularium
871 3650 1010 3731 equitem
1025 3651 1215 3732 Romanum,

175 3772 224 3815 cur
247 3751 372 3835 propior
395 3772 467 3815 cum
482 3752 609 3816 Tiberio
629 3772 704 3817 usus
720 3759 796 3816 erat.
829 3754 947 3819 Cacsar
961 3752 1113 3818 indicium
1128 3752 1217 3818 haud

174 3861 362 3939 aspernatus
385 3876 572 3938 congressus
595 3857 719 3920 abnuit:
744 3876 837 3940 posse
861 3857 946 3922 enim
968 3855 1080 3921 eodem
1099 3856 1216 3922 Flacco
