2760 4214
237 181 277 244 14
487 196 535 251 Ab
555 211 670 250 excessu
688 196 721 250 D.
736 197 861 264 Augusti
881 198 893 251 Ι
912 201 1024 255 22-26.

234 371 401 436 adlevatus
424 371 694 435 circumstantium
716 371 842 452 umeris,
870 371 956 456 apud
978 375 1120 439 turbatos
1143 373 1273 456 etquid

234 483 360 561 pararet
382 476 520 540 intentos
536 468 604 540 ‘vos
627 471 766 557 quidem'
789 476 891 557 inquit
914 469 974 541 ‘bis
997 477 1219 543 innocentibus
1243 484 1279 543 et

234 579 417 645 miserrimis
439 580 542 644 lucem
566 585 597 644 et
620 580 763 662 spiritum
787 578 982 664 reddidistis3
1011 580 1068 645 sed
1091 581 1162 664 quis
1184 581 1274 646 fratri

234 705 304 749 meo
327 685 435 765 vitam,
460 683 530 766 quis
553 683 681 748 fratrem
705 683 782 747 mihi
805 683 931 748 reddit?
962 705 1055 767 quem
1078 686 1209 750 missum
1231 684 1274 749 ad

234 808 291 853 vos
325 808 345 851 a
374 787 564 853 Germanico
599 788 740 851 exercitu
774 786 814 852 de
848 788 1066 853 communibus
1099 788 1274 866 commodis
1351 855 1355 864 ,

168 941 171 946 -
234 898 327 957 nootc
356 892 502 975 proxima
529 892 685 975 iugulavit
713 911 771 974 per
799 891 992 974 gladiatores
1019 913 1212 975 suos‚1quos
1239 894 1273 957 in

234 995 368 1060 exitium
395 995 529 1058 militum
557 994 653 1058 habet
675 1001 771 1077 atque
798 1001 909 1059 armat.
955 996 1121 1079 responde,
1149 997 1272 1078 Blaese,

234 1101 289 1165 ubi
317 1099 453 1163 cadaver
478 1099 647 1164 abieceris:
678 1119 718 1163 ne
748 1098 856 1164 hostes
884 1099 1011 1181 quidem
1041 1101 1202 1183 sepultura
1228 1101 1274 1164 in-

235 1204 354 1268 vident.
401 1223 471 1268 cum
500 1203 624 1284 osculis,
653 1223 725 1267 oum
755 1203 893 1267 lacrimis
920 1202 1057 1269 dolorem
1085 1224 1190 1269 meum
1218 1204 1273 1268 im-

234 1308 373 1391 plevero,
401 1327 452 1371 mc
476 1326 600 1390 quoque
623 1305 773 1370 trucidari
796 1307 880 1387 iube,
904 1306 979 1370 dum
1003 1307 1184 1372 interfectos
1207 1309 1273 1372 nul-

234 1413 298 1476 lum
319 1414 358 1477 ob
380 1413 492 1492 scelus,
515 1411 571 1477 sed
592 1412 666 1494 quia
689 1411 814 1475 utilitati
837 1411 997 1494 legionum
1021 1412 1272 1493 consulebamus,

234 1518 267 1582 hi
290 1519 464 1602 sepeliant?

62 1631 104 1678 aa
116 1632 217 1687 brorum
337 1623 389 1686 23.
413 1621 611 1687 Incendebat
630 1621 710 1685 haec
728 1619 803 1684 fletu
825 1626 856 1684 et
875 1626 986 1703 pectus
1005 1626 1101 1703 atque
1121 1641 1156 1686 os
1176 1621 1272 1685 mani·
1349 1683 1353 1690 .

90 1703 188 1826 m}
234 1728 293 1793 bus
308 1729 489 1792 verberans.
526 1746 600 1790 mox
617 1724 757 1790 disiectis
773 1744 905 1807 quorum
924 1745 982 1808 per
1000 1744 1124 1789 umeros
1140 1725 1272 1789 sustine-

80 1842 198 1921 saturum
233 1832 336 1912 batur,
360 1850 512 1915 praeceps
532 1835 564 1894 et
584 1829 777 1913 singulorum
801 1828 935 1912 pedibus
958 1827 1127 1893 advolutus
1149 1821 1273 1894 tanturn

61 1910 110 1955 Μ
125 1910 209 1963 mm·
235 1934 497 2001 consternationis
517 1932 721 2015 invidiaeque
741 1932 887 2012 concivit,
909 1937 942 1995 ut
962 1953 1036 2016 pars
1056 1933 1190 1997 militum
1209 1934 1273 2016 gla-

235 2039 380 2119 diatores,
409 2038 462 2120 qui
485 2057 503 2101 c
526 2036 653 2101 servitio
676 2037 782 2101 Blaesi
805 2042 905 2117 erant,
933 2057 1006 2120 pars
1034 2042 1171 2100 ceteram
1194 2038 1273 2102 cius·

235 2142 306 2207 dem
327 2142 482 2206 familiam
497 2141 663 2221 vincirent,
684 2141 739 2204 alii
754 2140 795 2204 ad
817 2140 1031 2223 quaerendum
1047 2161 1159 2225 corpus
1176 2142 1273 2205 effun-

234 2246 392 2312 derentur.
442 2265 480 2309 ao
508 2245 541 2309 ni
568 2264 700 2329 propere
731 2264 835 2326 neque
862 2264 975 2329 corpus
1004 2245 1102 2308 ullum
1132 2245 1271 2328 reperiri,

234 2357 266 2416 ct
293 2370 401 2416 servos
428 2349 579 2415 adhibitis
607 2348 797 2413 cruciatibus
826 2349 966 2414 abnuere
997 2349 1137 2430 caedem,
1169 2369 1272 2431 neque

233 2455 279 2519 illi
308 2454 406 2519 fuisse
433 2474 582 2535 umquam
614 2452 743 2518 fratrem
773 2453 992 2538 pernotuissct,
1024 2453 1110 2518 haud
1139 2454 1273 2517 multum

233 2561 274 2624 ab
299 2558 394 2622 exitio
417 2557 513 2641 legati
536 2558 678 2621 aberant.
722 2556 864 2621 tribunos
886 2563 992 2621 tamen
1015 2577 1054 2621 ac
1076 2557 1272 2641 praefectum

234 2668 405 2727 castrorum
422 2667 594 2741 extrusere,
616 2660 757 2725 sarcinae
777 2660 965 2743 fugientium
982 2660 1135 2745 direptae,
1157 2667 1187 2725 et
1203 2680 1273 2725 cen-

233 2767 314 2831 turio
341 2766 480 2830 Lucilius
510 2765 706 2844 interdicitur,
738 2765 787 2829 oui
814 2765 1002 2830 militaribus
1032 2765 1156 2830 facetiis
1182 2784 1273 2829 voca-

233 2871 342 2935 bulum
357 2863 446 2935 ‘cedo
466 2864 607 2933 alteram'
623 2868 814 2950 indiderant,
835 2870 909 2950 quia
929 2869 1030 2934 fracta
1045 2869 1110 2934 vite
1130 2869 1163 2933 in
1183 2874 1272 2952 tergo

234 2974 342 3039 militis
375 2974 507 3037 alteram
542 2974 628 3038 clara
657 2993 737 3039 voce
770 2993 808 3036 ac
842 2993 948 3037 rursus
981 2973 1076 3037 aliam
1109 2973 1270 3056 poscebat.

234 3083 356 3143 ceteros
392 3077 532 3141 latebrae
570 3084 693 3159 texere,
732 3097 795 3141 uno
830 3083 952 3141 retento
987 3077 1149 3142 Clemente
1181 3075 1271 3155 lulio,

234 3183 287 3265 qui
314 3179 511 3266 perferendis
534 3180 668 3244 militum
691 3179 850 3245 mandatis
876 3179 1054 3245 habebatur
1075 3180 1208 3244 idoneus
1231 3179 1270 3243 ob

233 3292 412 3371 promptum
428 3285 600 3368 ingenium.
626 3284 702 3366 quin
722 3284 811 3368 ipsae
834 3284 916 3348 inter
939 3304 973 3348 se
995 3283 1137 3367 legiones
1159 3290 1271 3347 octava

234 3395 265 3454 et
296 3390 406 3472 quinta
436 3388 570 3453 decuma
600 3387 717 3452 ferrum
748 3389 914 3471 parabant,
949 3387 1024 3451 dum
1056 3387 1272 3452 centurionem

233 3500 442 3577 cognomento
458 3493 614 3576 Sirpicum
634 3492 688 3554 illa
708 3492 800 3556 morti
821 3490 971 3575 deposcit,
993 3490 1272 3573 quintadecumani
1349 3566 1354 3577 ⁵

233 3603 369 3677 tuentur,
390 3597 422 3660 ni
438 3596 528 3661 miles
544 3616 689 3661 nonanus
708 3615 818 3679 preces
839 3601 870 3659 et
885 3594 1052 3661 adversum
1072 3594 1273 3679 aspernantis

233 3701 337 3766 minas
359 3701 576 3766 interiecisset.

70 3812 206 3867 donatura
338 3804 389 3868 24.
413 3805 502 3868 Haec
516 3803 626 3869 audita
642 3824 835 3886 quamquam
850 3803 1030 3868 abstrusum
1047 3808 1078 3868 et
1093 3803 1273 3868 tristissima

59 3881 207 3933 mmm
224 3929 374 3992 quaeque
408 3908 551 3976 maxime
585 3909 797 3976 occultantem
828 3907 991 3972 Tiberium
1024 3908 1203 3991 perpulere,
1238 3912 1273 3970 ut
