2760 4214
246 163 308 228 130
478 179 528 234 Ab
547 195 664 235 excessu
682 180 715 233 D.
728 179 856 248 Augusti
874 180 915 233 IV
935 182 1045 235 12-15.

244 353 373 433 toribus,
390 354 458 418 sine
474 373 615 418 maerore
630 352 756 436 publico
773 372 852 434 esse,
873 352 964 418 ferox
980 353 1144 434 scelerum,
1161 358 1192 417 et
1209 353 1284 435 quia

244 458 346 543 prima
367 464 589 541 provenerant,
617 457 758 522 volutare
781 475 898 538 secum,
929 477 1068 539 quonam
1090 455 1184 522 modo
1208 456 1283 522 Ger-

244 562 359 625 manici
381 561 498 626 liberos
519 566 722 644 perverteret,
751 579 882 641 quorum
905 581 969 624 non
993 559 1091 624 dubia
1113 560 1281 626 successio.

243 684 348 746 neque
370 664 476 747 spargi
499 683 657 728 venenum
679 664 713 727 in
735 670 800 729 tres
814 669 948 748 poterat,
972 665 1102 748 egregia
1117 663 1283 730 custodum

243 767 306 832 fide
327 774 358 832 et
377 766 530 851 pudicitia
545 766 741 851 Agrippinae
756 767 987 851 inpenetrabili.
1011 769 1108 851 igitur
1124 774 1283 833 conturna-

245 872 326 936 ciam
350 871 418 935 eius
440 871 598 952 insectari,
621 877 715 935 vetus
737 871 901 955 Augustae
917 871 1034 952 odium,
1058 878 1218 936 recentem
1233 872 1282 936 Li-

244 976 316 1039 viae
347 975 572 1040 conscientiam
607 974 781 1058 exagitare,
811 981 847 1038 ut
877 976 1046 1059 superbam
1076 975 1282 1055 fecunditate,

245 1078 414 1144 subnixam
447 1078 651 1162 popularibus
682 1078 794 1144 studiis
817 1078 940 1144 inhiare
968 1079 1174 1144 dominationi
1197 1077 1283 1163 apud

245 1184 413 1249 Caesarem
436 1188 613 1266 arguerent.
648 1188 744 1264 atque
767 1181 847 1248 haee
870 1182 991 1248 callidis
1019 1183 1282 1262 criminatoribus,

243 1287 325 1351 inter
356 1305 435 1368 quos
462 1285 625 1369 delegerat
646 1287 760 1350 Iulium
783 1287 977 1368 Postumum,
1008 1306 1065 1370 per
1094 1286 1283 1351 adulterium

242 1390 383 1455 Mutiliae
399 1390 526 1454 Priscae
548 1391 631 1454 inter
652 1390 780 1455 intimos
802 1391 895 1454 aulae
918 1397 949 1454 et
970 1390 1107 1455 consiliis
1123 1390 1188 1455 suis
1203 1389 1282 1473 peri-

243 1494 389 1575 doneum,
421 1494 495 1576 quia
524 1493 633 1558 Prisca
662 1493 695 1556 in
726 1494 832 1558 animo
854 1494 1017 1577 Augustae
1049 1492 1156 1558 valida
1185 1513 1283 1556 anum

243 1604 355 1681 suapte
378 1602 491 1661 natura
517 1596 679 1680 potentiae
705 1597 835 1660 anxiam
862 1596 1079 1662 insociabilem
1101 1595 1195 1660 nurui
1218 1595 1283 1660 effi·

244 1701 356 1767 ciebat.
395 1701 592 1784 Agrippinae
620 1719 746 1782 quoque
772 1701 909 1784 proximi
931 1700 1153 1765 inliciebantur
1175 1700 1282 1783 pravis

244 1805 441 1870 sermonibus
464 1802 602 1868 tumidos
625 1803 753 1887 spiritus
776 1804 1005 1887 perstimulare.

70 1908 224 2029 wios?
334 1908 382 1971 13.
405 1909 449 1971 At
462 1907 609 1972 Tiberius
622 1906 702 1971 nihil
724 1907 905 1972 intermissa
926 1927 1031 1972 rorum
1048 1927 1130 1988 cura,
1155 1906 1283 1990 negotia

72 2046 219 2099 mmm„
243 2033 299 2096 pro
323 2012 448 2077 solaciis
468 2011 638 2095 accipiens,
661 2011 711 2076 ius
727 2011 853 2091 civium,
877 2031 987 2095 preces
1003 2012 1156 2076 sociorum
1172 2017 1283 2075 tracta-

243 2115 312 2198 bat;
335 2114 483 2195 factaque
505 2120 633 2183 auctore
656 2133 693 2178 eo
716 2120 845 2179 senatus
868 2115 1020 2195 consulta,
1044 2120 1078 2177 ut
1099 2113 1219 2178 civitati
1236 2114 1284 2180 Ci-

243 2218 407 2302 byratieae
437 2217 523 2302 apud
553 2218 672 2298 Asiam,
702 2218 856 2301 Aegiensi
885 2218 975 2302 apud
1000 2218 1165 2298 Achaiam,
1195 2225 1282 2282 motu

244 2328 346 2386 terrae
392 2321 569 2402 labefactis,
612 2321 834 2386 subveniretur
876 2321 1063 2386 remissione
1104 2321 1212 2386 tributi
1250 2321 1283 2384 in

245 2426 424 2491 triennium.
464 2430 496 2489 et
511 2425 624 2490 Vibius
647 2425 784 2490 Serenus
807 2445 863 2508 pro
894 2425 1022 2489 consule
1053 2425 1207 2489 ulterioris
1230 2424 1284 2488 Hi·

243 2529 385 2614 spaniae,
409 2528 449 2592 de
472 2529 504 2593 vi
527 2529 654 2613 publica
676 2528 855 2609 damnatus,
879 2529 919 2592 ob
943 2529 1141 2594 atrocitatem
1161 2548 1284 2592 morum

243 2635 278 2699 in
312 2634 448 2699 insulam
477 2635 650 2717 Amorgum
682 2632 873 2717 deportatur.
922 2632 1083 2699 Carsidius
1117 2631 1283 2712 Sacerdos,

243 2757 315 2802 reus
345 2744 506 2819 tamquam
536 2735 694 2801 frumento
724 2735 847 2800 hostem
876 2736 1111 2800 Tacfarinatem
1140 2736 1283 2815 iuvisset,

244 2840 426 2921 absolvitur,
451 2839 654 2921 eiusdemque
677 2839 816 2903 oriminis
839 2840 872 2905 Ο.
890 2838 1060 2905 Gracchus.
1091 2840 1177 2905 huno
1192 2839 1284 2905 comi-

245 2950 308 3008 tem
332 2943 419 3007 exilii
441 2943 612 3007 admodum
634 2943 789 3007 infantem
812 2949 903 3028 pater
918 2944 1123 3028 Sempronius
1144 2945 1178 3008 in
1201 2945 1284 3009 insu·

245 3047 308 3111 lam
325 3046 491 3112 Cercinam
514 3047 636 3111 tulerat.
660 3047 725 3111 illic
747 3046 874 3112 adultus
896 3050 979 3113 inter
1001 3056 1143 3115 extorres
1162 3054 1195 3113 et
1208 3048 1284 3113 libe·

244 3151 358 3216 ralium
391 3151 507 3214 artium
540 3151 673 3231 nescios,
708 3172 782 3216 mox
816 3172 872 3235 per
900 3152 1041 3216 Africam
1073 3172 1112 3217 ac
1144 3152 1285 3218 Siciliam

246 3254 397 3319 mutando
428 3254 572 3320 sordidas
602 3274 723 3319 merces
758 3256 1007 3339 sustentabatur;
1039 3276 1143 3338 neque
1177 3263 1285 3321 tamen

246 3359 357 3442 effugit
386 3379 522 3442 magnae
552 3359 698 3424 fortunae
730 3359 879 3443 pericula.
917 3379 956 3424 ac
986 3360 1019 3424 ni
1041 3360 1151 3426 Aelius
1173 3361 1285 3426 Lamia

246 3469 278 3527 et
299 3464 334 3528 L.
351 3463 520 3546 Apronius,
544 3463 598 3545 qui
620 3462 762 3527 Africam
790 3464 1002 3545 obtinuerant,
1037 3464 1195 3529 insontem
1217 3485 1285 3548 pro

245 3567 411 3647 texissent,
436 3565 621 3631 clarimdine
644 3566 774 3631 infausti
797 3567 924 3650 generis
940 3574 972 3632 et
986 3568 1127 3652 paternis
1141 3568 1286 3634 adversis

90 3718 214 3771 mm
246 3670 326 3734 foret
349 3671 534 3734 abstractus.

77 3803 222 3858 mm„
337 3773 384 3835 14.
409 3773 441 3836 Is
457 3792 582 3855 quoque
597 3793 700 3838 annus
714 3774 891 3858 legationes
903 3774 1095 3839 Graecarum
1111 3775 1286 3840 civitatium

73 3873 209 3992 ’,ὥρη
238 3876 362 3960 habuit,
388 3876 507 3945 Samiis
523 3877 666 3961 Iunonis,
688 3878 762 3945 (lois
777 3877 958 3962 Aesculapii
979 3877 1111 3945 delubro
1126 3884 1286 3943 vetustum
