<?xml version="1.0" encoding="UTF-8"?>
<!DOCTYPE html PUBLIC "-//W3C//DTD XHTML 1.0 Transitional//EN"
    "http://www.w3.org/TR/xhtml1/DTD/xhtml1-transitional.dtd">
<html xmlns="http://www.w3.org/1999/xhtml" xml:lang="en" lang="en">
 <head>
  <title>
</title>
<meta http-equiv="Content-Type" content="text/html;charset=utf-8" />
  <meta name='ocr-system' content='tesseract 3.04.00' />
  <meta name='ocr-capabilities' content='ocr_page ocr_carea ocr_par ocr_line ocrx_word'/>
</head>
<body>
  <div class='ocr_page' id='page_1' title='image "./annalen00tacigoog_0192.png"; bbox 0 0 2760 4214; ppageno 0'>
   <div class='ocr_carea' id='block_1_1' title="bbox 260 172 1041 255">
    <p class='ocr_par' dir='ltr' id='par_1_1' title="bbox 260 172 1041 255">
     <span class='ocr_line' id='line_1_1' title="bbox 260 172 1041 255; baseline 0.009 -20"><span class='ocrx_word' id='word_1_1' title='bbox 260 172 323 236; x_wconf 76' lang='lat'>170</span> <span class='ocrx_word' id='word_1_2' title='bbox 513 187 562 242; x_wconf 91' lang='lat' dir='ltr'>Ab</span> <span class='ocrx_word' id='word_1_3' title='bbox 580 203 697 242; x_wconf 83' lang='lat' dir='ltr'>excessu</span> <span class='ocrx_word' id='word_1_4' title='bbox 715 187 748 242; x_wconf 89' lang='lat' dir='ltr'>D.</span> <span class='ocrx_word' id='word_1_5' title='bbox 761 187 886 255; x_wconf 84' lang='lat' dir='ltr'><strong>Augusti</strong></span> <span class='ocrx_word' id='word_1_6' title='bbox 904 187 946 242; x_wconf 86' lang='lat' dir='ltr'>Vl</span> <span class='ocrx_word' id='word_1_7' title='bbox 965 190 1041 242; x_wconf 83' lang='lat'>3-7.</span> 
     </span>
    </p>
   </div>
   <div class='ocr_carea' id='block_1_2' title="bbox 85 360 1301 3872">
    <p class='ocr_par' dir='ltr' id='par_1_2' title="bbox 91 360 1300 447">
     <span class='ocr_line' id='line_1_2' title="bbox 91 360 1300 447; baseline -0.002 -20"><span class='ocrx_word' id='word_1_8' title='bbox 91 364 232 418; x_wconf 65' lang='lat' dir='ltr'>aaronitae</span> <span class='ocrx_word' id='word_1_9' title='bbox 258 363 412 447; x_wconf 91' lang='lat' dir='ltr'>peratoris</span> <span class='ocrx_word' id='word_1_10' title='bbox 434 382 539 445; x_wconf 86' lang='lat' dir='ltr'>neque</span> <span class='ocrx_word' id='word_1_11' title='bbox 561 360 703 445; x_wconf 90' lang='lat' dir='ltr'>praemia</span> <span class='ocrx_word' id='word_1_12' title='bbox 726 360 787 426; x_wconf 92' lang='lat' dir='ltr'>nisi</span> <span class='ocrx_word' id='word_1_13' title='bbox 809 362 850 426; x_wconf 89' lang='lat' dir='ltr'>ab</span> <span class='ocrx_word' id='word_1_14' title='bbox 873 360 1063 445; x_wconf 82' lang='lat' dir='ltr'><strong>imperatore</strong></span> <span class='ocrx_word' id='word_1_15' title='bbox 1078 361 1224 445; x_wconf 88' lang='lat' dir='ltr'>accipere</span> <span class='ocrx_word' id='word_1_16' title='bbox 1239 382 1300 446; x_wconf 91' lang='lat' dir='ltr'>par</span> 
     </span>
    </p>

    <p class='ocr_par' dir='ltr' id='par_1_3' title="bbox 106 435 1300 557">
     <span class='ocr_line' id='line_1_3' title="bbox 106 435 1300 557; baseline -0.001 -26"><span class='ocrx_word' id='word_1_17' title='bbox 106 435 214 557; x_wconf 50' lang='lat' dir='ltr'>,suffia</span> <span class='ocrx_word' id='word_1_18' title='bbox 259 473 352 532; x_wconf 88' lang='lat' dir='ltr'>esset.</span> <span class='ocrx_word' id='word_1_19' title='bbox 384 466 562 550; x_wconf 84' lang='lat' dir='ltr'>repperisse</span> <span class='ocrx_word' id='word_1_20' title='bbox 584 485 712 550; x_wconf 92' lang='lat' dir='ltr'>prorsus</span> <span class='ocrx_word' id='word_1_21' title='bbox 736 463 819 547; x_wconf 94' lang='lat' dir='ltr'>quod</span> <span class='ocrx_word' id='word_1_22' title='bbox 842 463 934 529; x_wconf 92' lang='lat' dir='ltr'>divus</span> <span class='ocrx_word' id='word_1_23' title='bbox 957 464 1119 548; x_wconf 82' lang='lat' dir='ltr'>Augustus</span> <span class='ocrx_word' id='word_1_24' title='bbox 1142 485 1207 530; x_wconf 92' lang='lat' dir='ltr'>non</span> <span class='ocrx_word' id='word_1_25' title='bbox 1230 486 1300 549; x_wconf 85' lang='lat' dir='ltr'>pro</span> 
     </span>
    </p>

    <p class='ocr_par' dir='ltr' id='par_1_4' title="bbox 111 566 1300 654">
     <span class='ocr_line' id='line_1_4' title="bbox 111 566 1300 654; baseline -0.001 -20"><span class='ocrx_word' id='word_1_26' title='bbox 111 573 207 626; x_wconf 60' lang='lat' dir='ltr'>aeruna</span> <span class='ocrx_word' id='word_1_27' title='bbox 258 570 387 635; x_wconf 84' lang='lat' dir='ltr'>viderit:</span> <span class='ocrx_word' id='word_1_28' title='bbox 418 591 460 634; x_wconf 91' lang='lat' dir='ltr'>an</span> <span class='ocrx_word' id='word_1_29' title='bbox 490 569 595 654; x_wconf 88' lang='lat' dir='ltr'>potius</span> <span class='ocrx_word' id='word_1_30' title='bbox 626 567 816 634; x_wconf 90' lang='lat' dir='ltr'>discordiam</span> <span class='ocrx_word' id='word_1_31' title='bbox 847 574 878 632; x_wconf 88' lang='lat' dir='ltr'>et</span> <span class='ocrx_word' id='word_1_32' title='bbox 909 566 1096 633; x_wconf 79' lang='lat' dir='ltr'>seditionem</span> <span class='ocrx_word' id='word_1_33' title='bbox 1119 589 1140 632; x_wconf 89' lang='lat' dir='ltr'>a</span> <span class='ocrx_word' id='word_1_34' title='bbox 1161 569 1300 634; x_wconf 83' lang='lat' dir='ltr'>satellite</span> 
     </span>
    </p>

    <p class='ocr_par' dir='ltr' id='par_1_5' title="bbox 258 670 1299 755">
     <span class='ocr_line' id='line_1_5' title="bbox 258 670 1299 755; baseline -0.003 -16"><span class='ocrx_word' id='word_1_35' title='bbox 258 674 365 740; x_wconf 83' lang='lat' dir='ltr'>Seiani</span> <span class='ocrx_word' id='word_1_36' title='bbox 389 674 575 755; x_wconf 80' lang='lat' dir='ltr'>quaesitam,</span> <span class='ocrx_word' id='word_1_37' title='bbox 605 693 667 754; x_wconf 91' lang='lat' dir='ltr'>qua</span> <span class='ocrx_word' id='word_1_38' title='bbox 689 670 785 737; x_wconf 87' lang='lat' dir='ltr'>rudes</span> <span class='ocrx_word' id='word_1_39' title='bbox 807 672 931 738; x_wconf 88' lang='lat' dir='ltr'>animos</span> <span class='ocrx_word' id='word_1_40' title='bbox 953 673 1083 737; x_wconf 91' lang='lat' dir='ltr'>nomine</span> <span class='ocrx_word' id='word_1_41' title='bbox 1105 672 1235 737; x_wconf 90' lang='lat' dir='ltr'>honoris</span> <span class='ocrx_word' id='word_1_42' title='bbox 1257 672 1299 736; x_wconf 91' lang='lat' dir='ltr'>ad</span> 
     </span>
    </p>

    <p class='ocr_par' dir='ltr' id='par_1_6' title="bbox 259 775 1298 861">
     <span class='ocr_line' id='line_1_6' title="bbox 259 775 1298 861; baseline -0.003 -18"><span class='ocrx_word' id='word_1_43' title='bbox 259 775 522 861; x_wconf 91' lang='lat' dir='ltr'>corrumpendum</span> <span class='ocrx_word' id='word_1_44' title='bbox 544 776 676 840; x_wconf 90' lang='lat' dir='ltr'>militiae</span> <span class='ocrx_word' id='word_1_45' title='bbox 698 795 817 841; x_wconf 90' lang='lat' dir='ltr'>morem</span> <span class='ocrx_word' id='word_1_46' title='bbox 840 776 1051 859; x_wconf 80' lang='lat' dir='ltr'>propelleret?</span> <span class='ocrx_word' id='word_1_47' title='bbox 1077 775 1138 840; x_wconf 91' lang='lat' dir='ltr'>hcc</span> <span class='ocrx_word' id='word_1_48' title='bbox 1160 776 1298 860; x_wconf 89' lang='lat' dir='ltr'>pretium</span> 
     </span>
    </p>

    <p class='ocr_par' dir='ltr' id='par_1_7' title="bbox 258 877 1300 959">
     <span class='ocr_line' id='line_1_7' title="bbox 258 877 1300 959; baseline -0.001 -14"><span class='ocrx_word' id='word_1_49' title='bbox 258 880 360 946; x_wconf 81' lang='lat' dir='ltr'>Gallio</span> <span class='ocrx_word' id='word_1_50' title='bbox 390 879 563 944; x_wconf 83' lang='lat' dir='ltr'>meditatae</span> <span class='ocrx_word' id='word_1_51' title='bbox 593 877 783 943; x_wconf 91' lang='lat' dir='ltr'>adulationis</span> <span class='ocrx_word' id='word_1_52' title='bbox 813 880 894 959; x_wconf 90' lang='lat' dir='ltr'>tulit,</span> <span class='ocrx_word' id='word_1_53' title='bbox 926 879 1033 944; x_wconf 89' lang='lat' dir='ltr'>statim</span> <span class='ocrx_word' id='word_1_54' title='bbox 1063 879 1151 944; x_wconf 90' lang='lat' dir='ltr'>curia</span> <span class='ocrx_word' id='word_1_55' title='bbox 1181 878 1300 944; x_wconf 87' lang='lat' dir='ltr'>deinde</span> 
     </span>
    </p>

    <p class='ocr_par' dir='ltr' id='par_1_8' title="bbox 258 982 1299 1067">
     <span class='ocr_line' id='line_1_8' title="bbox 258 982 1299 1067; baseline 0 -19"><span class='ocrx_word' id='word_1_56' title='bbox 258 984 351 1048; x_wconf 89' lang='lat' dir='ltr'>ltalia</span> <span class='ocrx_word' id='word_1_57' title='bbox 385 989 531 1067; x_wconf 79' lang='lat' dir='ltr'>exactus3</span> <span class='ocrx_word' id='word_1_58' title='bbox 570 989 602 1047; x_wconf 92' lang='lat' dir='ltr'>et</span> <span class='ocrx_word' id='word_1_59' title='bbox 635 983 711 1064; x_wconf 90' lang='lat' dir='ltr'>quia</span> <span class='ocrx_word' id='word_1_60' title='bbox 743 983 949 1048; x_wconf 78' lang='lat' dir='ltr'>incusabatur</span> <span class='ocrx_word' id='word_1_61' title='bbox 981 982 1076 1048; x_wconf 89' lang='lat' dir='ltr'>facile</span> <span class='ocrx_word' id='word_1_62' title='bbox 1109 982 1299 1048; x_wconf 84' lang='lat' dir='ltr'>toleraturus</span> 
     </span>
    </p>

    <p class='ocr_par' dir='ltr' id='par_1_9' title="bbox 259 1085 1299 1167">
     <span class='ocr_line' id='line_1_9' title="bbox 259 1085 1299 1167; baseline -0.002 -15"><span class='ocrx_word' id='word_1_63' title='bbox 259 1087 390 1153; x_wconf 83' lang='lat' dir='ltr'>exilium</span> <span class='ocrx_word' id='word_1_64' title='bbox 412 1085 536 1151; x_wconf 89' lang='lat' dir='ltr'>delecta</span> <span class='ocrx_word' id='word_1_65' title='bbox 558 1087 672 1166; x_wconf 87' lang='lat' dir='ltr'>Lesbo,</span> <span class='ocrx_word' id='word_1_66' title='bbox 700 1087 805 1151; x_wconf 92' lang='lat' dir='ltr'>insula</span> <span class='ocrx_word' id='word_1_67' title='bbox 827 1087 926 1152; x_wconf 93' lang='lat' dir='ltr'>nobili</span> <span class='ocrx_word' id='word_1_68' title='bbox 949 1093 980 1152; x_wconf 88' lang='lat' dir='ltr'>et</span> <span class='ocrx_word' id='word_1_69' title='bbox 1002 1107 1145 1167; x_wconf 90' lang='lat' dir='ltr'>amoena,</span> <span class='ocrx_word' id='word_1_70' title='bbox 1169 1086 1299 1151; x_wconf 88' lang='lat' dir='ltr'>retrahi-</span> 
     </span>
    </p>

    <p class='ocr_par' dir='ltr' id='par_1_10' title="bbox 258 1189 1299 1275">
     <span class='ocr_line' id='line_1_10' title="bbox 258 1189 1299 1275; baseline -0.002 -19"><span class='ocrx_word' id='word_1_71' title='bbox 258 1191 356 1256; x_wconf 90' lang='lat' dir='ltr'>turin</span> <span class='ocrx_word' id='word_1_72' title='bbox 371 1190 482 1255; x_wconf 89' lang='lat' dir='ltr'>urbem</span> <span class='ocrx_word' id='word_1_73' title='bbox 506 1189 743 1272; x_wconf 78' lang='lat' dir='ltr'>custoditurque</span> <span class='ocrx_word' id='word_1_74' title='bbox 759 1189 905 1256; x_wconf 86' lang='lat' dir='ltr'>domibus</span> <span class='ocrx_word' id='word_1_75' title='bbox 920 1191 1171 1275; x_wconf 90' lang='lat' dir='ltr'>magistratuum.</span> <span class='ocrx_word' id='word_1_76' title='bbox 1196 1189 1299 1255; x_wconf 91' lang='lat' dir='ltr'>isdem</span> 
     </span>
    </p>

    <p class='ocr_par' dir='ltr' id='par_1_11' title="bbox 257 1295 1299 1379">
     <span class='ocr_line' id='line_1_11' title="bbox 257 1295 1299 1379; baseline -0.001 -20"><span class='ocrx_word' id='word_1_77' title='bbox 257 1296 369 1360; x_wconf 88' lang='lat' dir='ltr'>litteris</span> <span class='ocrx_word' id='word_1_78' title='bbox 394 1295 511 1361; x_wconf 80' lang='lat' dir='ltr'>Caesar</span> <span class='ocrx_word' id='word_1_79' title='bbox 534 1295 678 1360; x_wconf 81' lang='lat' dir='ltr'>Sextium</span> <span class='ocrx_word' id='word_1_80' title='bbox 701 1295 918 1359; x_wconf 78' lang='lat' dir='ltr'>Paconianum</span> <span class='ocrx_word' id='word_1_81' title='bbox 948 1295 1140 1379; x_wconf 91' lang='lat' dir='ltr'>praetorium</span> <span class='ocrx_word' id='word_1_82' title='bbox 1163 1295 1299 1379; x_wconf 90' lang='lat' dir='ltr'>perculit</span> 
     </span>
    </p>

    <p class='ocr_par' dir='ltr' id='par_1_12' title="bbox 257 1398 1301 1486">
     <span class='ocr_line' id='line_1_12' title="bbox 257 1398 1301 1486; baseline -0.002 -21"><span class='ocrx_word' id='word_1_83' title='bbox 257 1422 374 1486; x_wconf 88' lang='lat' dir='ltr'>magno</span> <span class='ocrx_word' id='word_1_84' title='bbox 397 1407 522 1485; x_wconf 91' lang='lat' dir='ltr'>patrum</span> <span class='ocrx_word' id='word_1_85' title='bbox 543 1399 671 1484; x_wconf 91' lang='lat' dir='ltr'>gaudio,</span> <span class='ocrx_word' id='word_1_86' title='bbox 694 1398 859 1481; x_wconf 85' lang='lat' dir='ltr'>audacem,</span> <span class='ocrx_word' id='word_1_87' title='bbox 883 1399 1072 1481; x_wconf 88' lang='lat' dir='ltr'>maleficum,</span> <span class='ocrx_word' id='word_1_88' title='bbox 1095 1400 1238 1465; x_wconf 91' lang='lat' dir='ltr'>omnium</span> <span class='ocrx_word' id='word_1_89' title='bbox 1253 1419 1301 1464; x_wconf 91' lang='lat' dir='ltr'>se·</span> 
     </span>
    </p>

    <p class='ocr_par' dir='ltr' id='par_1_13' title="bbox 258 1502 1300 1587">
     <span class='ocr_line' id='line_1_13' title="bbox 258 1502 1300 1587; baseline 0 -18"><span class='ocrx_word' id='word_1_90' title='bbox 258 1513 343 1569; x_wconf 90' lang='lat' dir='ltr'>creta</span> <span class='ocrx_word' id='word_1_91' title='bbox 365 1505 532 1568; x_wconf 90' lang='lat' dir='ltr'>rimantem</span> <span class='ocrx_word' id='word_1_92' title='bbox 555 1503 776 1586; x_wconf 85' lang='lat' dir='ltr'>delectumque</span> <span class='ocrx_word' id='word_1_93' title='bbox 799 1503 840 1568; x_wconf 92' lang='lat' dir='ltr'>ab</span> <span class='ocrx_word' id='word_1_94' title='bbox 863 1503 989 1585; x_wconf 84' lang='lat' dir='ltr'>Seiano,</span> <span class='ocrx_word' id='word_1_95' title='bbox 1013 1504 1102 1568; x_wconf 89' lang='lat' dir='ltr'>cuius</span> <span class='ocrx_word' id='word_1_96' title='bbox 1125 1523 1184 1587; x_wconf 91' lang='lat' dir='ltr'>ope</span> <span class='ocrx_word' id='word_1_97' title='bbox 1207 1502 1300 1569; x_wconf 89' lang='lat' dir='ltr'>dolus</span> 
     </span>
    </p>

    <p class='ocr_par' dir='ltr' id='par_1_14' title="bbox 258 1607 1301 1692">
     <span class='ocr_line' id='line_1_14' title="bbox 258 1607 1301 1692; baseline -0.001 -18"><span class='ocrx_word' id='word_1_98' title='bbox 258 1608 337 1674; x_wconf 83' lang='lat' dir='ltr'>Gaio</span> <span class='ocrx_word' id='word_1_99' title='bbox 354 1608 483 1674; x_wconf 83' lang='lat' dir='ltr'>Caesari</span> <span class='ocrx_word' id='word_1_100' title='bbox 499 1615 671 1692; x_wconf 89' lang='lat' dir='ltr'>pararetur.</span> <span class='ocrx_word' id='word_1_101' title='bbox 705 1607 788 1690; x_wconf 92' lang='lat' dir='ltr'>quod</span> <span class='ocrx_word' id='word_1_102' title='bbox 811 1615 980 1692; x_wconf 92' lang='lat' dir='ltr'>postquam</span> <span class='ocrx_word' id='word_1_103' title='bbox 1002 1607 1207 1692; x_wconf 88' lang='lat' dir='ltr'>patefactum,</span> <span class='ocrx_word' id='word_1_104' title='bbox 1231 1628 1301 1692; x_wconf 80' lang='lat' dir='ltr'>pro</span> 
     </span>
    </p>

    <p class='ocr_par' dir='ltr' id='par_1_15' title="bbox 257 1711 1300 1797">
     <span class='ocr_line' id='line_1_15' title="bbox 257 1711 1300 1797; baseline -0.001 -20"><span class='ocrx_word' id='word_1_105' title='bbox 257 1732 370 1797; x_wconf 87' lang='lat' dir='ltr'>rupere</span> <span class='ocrx_word' id='word_1_106' title='bbox 393 1719 546 1796; x_wconf 90' lang='lat' dir='ltr'>concepta</span> <span class='ocrx_word' id='word_1_107' title='bbox 568 1711 692 1795; x_wconf 88' lang='lat' dir='ltr'>pridem</span> <span class='ocrx_word' id='word_1_108' title='bbox 715 1711 798 1792; x_wconf 91' lang='lat' dir='ltr'>odia,</span> <span class='ocrx_word' id='word_1_109' title='bbox 822 1719 854 1776; x_wconf 92' lang='lat' dir='ltr'>et</span> <span class='ocrx_word' id='word_1_110' title='bbox 870 1732 1027 1777; x_wconf 89' lang='lat' dir='ltr'>summum</span> <span class='ocrx_word' id='word_1_111' title='bbox 1042 1711 1232 1795; x_wconf 90' lang='lat' dir='ltr'>supplicium</span> <span class='ocrx_word' id='word_1_112' title='bbox 1248 1711 1300 1776; x_wconf 82' lang='lat' dir='ltr'>de</span> 
     </span>
    </p>

    <p class='ocr_par' dir='ltr' id='par_1_16' title="bbox 259 1815 984 1900">
     <span class='ocr_line' id='line_1_16' title="bbox 259 1815 984 1900; baseline -0.003 -18"><span class='ocrx_word' id='word_1_113' title='bbox 259 1817 456 1897; x_wconf 88' lang='lat' dir='ltr'>cernebatur,</span> <span class='ocrx_word' id='word_1_114' title='bbox 479 1817 514 1880; x_wconf 93' lang='lat' dir='ltr'>ni</span> <span class='ocrx_word' id='word_1_115' title='bbox 536 1815 697 1900; x_wconf 85' lang='lat' dir='ltr'>professus</span> <span class='ocrx_word' id='word_1_116' title='bbox 719 1815 871 1880; x_wconf 93' lang='lat' dir='ltr'>indicium</span> <span class='ocrx_word' id='word_1_117' title='bbox 895 1816 984 1881; x_wconf 86' lang='lat' dir='ltr'>foret.</span> 
     </span>
    </p>

    <p class='ocr_par' dir='ltr' id='par_1_17' title="bbox 85 1918 1300 2004">
     <span class='ocr_line' id='line_1_17' title="bbox 85 1918 1300 2004; baseline 0.002 -22"><span class='ocrx_word' id='word_1_118' title='bbox 85 1918 124 1963; x_wconf 65' lang='lat'>⁶²¹¹</span> <span class='ocrx_word' id='word_1_119' title='bbox 139 1919 235 1964; x_wconf 66' lang='lat' dir='ltr'>saliatu</span> <span class='ocrx_word' id='word_1_120' title='bbox 345 1922 375 1984; x_wconf 83' lang='lat'>4.</span> <span class='ocrx_word' id='word_1_121' title='bbox 400 1921 444 1985; x_wconf 92' lang='lat' dir='ltr'>Ut</span> <span class='ocrx_word' id='word_1_122' title='bbox 466 1939 541 1984; x_wconf 88' lang='lat' dir='ltr'>vero</span> <span class='ocrx_word' id='word_1_123' title='bbox 563 1920 723 1984; x_wconf 89' lang='lat' dir='ltr'>Latinium</span> <span class='ocrx_word' id='word_1_124' title='bbox 746 1920 907 1985; x_wconf 88' lang='lat' dir='ltr'>Latiarem</span> <span class='ocrx_word' id='word_1_125' title='bbox 933 1921 1096 2004; x_wconf 90' lang='lat' dir='ltr'>ingressus</span> <span class='ocrx_word' id='word_1_126' title='bbox 1119 1927 1177 2001; x_wconf 91' lang='lat' dir='ltr'>est,</span> <span class='ocrx_word' id='word_1_127' title='bbox 1208 1940 1300 1985; x_wconf 90' lang='lat' dir='ltr'>accu-</span> 
     </span>
    </p>

    <p class='ocr_par' dir='ltr' id='par_1_18' title="bbox 111 1999 1299 2130">
     <span class='ocr_line' id='line_1_18' title="bbox 111 1999 1299 2130; baseline 0.001 -41"><span class='ocrx_word' id='word_1_128' title='bbox 111 1999 214 2130; x_wconf 49' lang='grc' dir='ltr'>ῧηῗῖω</span> <span class='ocrx_word' id='word_1_129' title='bbox 259 2031 343 2089; x_wconf 91' lang='lat' dir='ltr'>sator</span> <span class='ocrx_word' id='word_1_130' title='bbox 365 2044 404 2088; x_wconf 91' lang='lat' dir='ltr'>ac</span> <span class='ocrx_word' id='word_1_131' title='bbox 426 2045 498 2089; x_wconf 88' lang='lat' dir='ltr'>reus</span> <span class='ocrx_word' id='word_1_132' title='bbox 521 2025 612 2088; x_wconf 86' lang='lat' dir='ltr'>iuxta</span> <span class='ocrx_word' id='word_1_133' title='bbox 634 2025 729 2089; x_wconf 90' lang='lat' dir='ltr'>invisi</span> <span class='ocrx_word' id='word_1_134' title='bbox 748 2025 964 2108; x_wconf 90' lang='lat' dir='ltr'>gratissimum</span> <span class='ocrx_word' id='word_1_135' title='bbox 980 2025 1196 2109; x_wconf 84' lang='lat' dir='ltr'>spectaculum</span> <span class='ocrx_word' id='word_1_136' title='bbox 1211 2045 1299 2109; x_wconf 81' lang='lat' dir='ltr'>prae</span> 
     </span>
    </p>

    <p class='ocr_par' dir='ltr' id='par_1_19' title="bbox 138 2127 1299 2212">
     <span class='ocr_line' id='line_1_19' title="bbox 138 2127 1299 2212; baseline 0.003 -23"><span class='ocrx_word' id='word_1_137' title='bbox 138 2146 190 2199; x_wconf 74' lang='lat' dir='ltr'>uest</span> <span class='ocrx_word' id='word_1_138' title='bbox 258 2128 386 2192; x_wconf 90' lang='lat' dir='ltr'>bebant.</span> <span class='ocrx_word' id='word_1_139' title='bbox 404 2127 549 2208; x_wconf 91' lang='lat' dir='ltr'>Latiaris,</span> <span class='ocrx_word' id='word_1_140' title='bbox 567 2134 601 2191; x_wconf 94' lang='lat' dir='ltr'>ut</span> <span class='ocrx_word' id='word_1_141' title='bbox 613 2128 727 2208; x_wconf 90' lang='lat' dir='ltr'>rettuli,</span> <span class='ocrx_word' id='word_1_142' title='bbox 740 2128 928 2212; x_wconf 90' lang='lat' dir='ltr'>praecipuus</span> <span class='ocrx_word' id='word_1_143' title='bbox 940 2128 1015 2192; x_wconf 93' lang='lat' dir='ltr'>olim</span> <span class='ocrx_word' id='word_1_144' title='bbox 1027 2127 1299 2193; x_wconf 85' lang='lat' dir='ltr'>circumveniendi</span> 
     </span>
    </p>

    <p class='ocr_par' dir='ltr' id='par_1_20' title="bbox 90 2215 1299 2329">
     <span class='ocr_line' id='line_1_20' title="bbox 90 2215 1299 2329; baseline 0.003 -35"><span class='ocrx_word' id='word_1_145' title='bbox 90 2215 231 2329; x_wconf 51' lang='grc' dir='ltr'>Μ’ξζξῑω</span> <span class='ocrx_word' id='word_1_146' title='bbox 257 2231 333 2294; x_wconf 86' lang='lat' dir='ltr'>Titii</span> <span class='ocrx_word' id='word_1_147' title='bbox 357 2231 467 2296; x_wconf 88' lang='lat' dir='ltr'>Sabini</span> <span class='ocrx_word' id='word_1_148' title='bbox 491 2237 522 2295; x_wconf 90' lang='lat' dir='ltr'>et</span> <span class='ocrx_word' id='word_1_149' title='bbox 545 2237 620 2295; x_wconf 91' lang='lat' dir='ltr'>tunc</span> <span class='ocrx_word' id='word_1_150' title='bbox 643 2230 778 2296; x_wconf 91' lang='lat' dir='ltr'>luendae</span> <span class='ocrx_word' id='word_1_151' title='bbox 801 2251 924 2314; x_wconf 89' lang='lat' dir='ltr'>poenae</span> <span class='ocrx_word' id='word_1_152' title='bbox 954 2232 1073 2315; x_wconf 93' lang='lat' dir='ltr'>primus</span> <span class='ocrx_word' id='word_1_153' title='bbox 1100 2231 1169 2296; x_wconf 88' lang='lat' dir='ltr'>fuit.</span> <span class='ocrx_word' id='word_1_154' title='bbox 1215 2232 1299 2298; x_wconf 87' lang='lat' dir='ltr'>inter</span> 
     </span>
    </p>

    <p class='ocr_par' dir='ltr' id='par_1_21' title="bbox 102 2334 1298 2419">
     <span class='ocr_line' id='line_1_21' title="bbox 102 2334 1298 2419; baseline 0.002 -20"><span class='ocrx_word' id='word_1_155' title='bbox 102 2355 220 2407; x_wconf 69' lang='lat' dir='ltr'>anaante</span> <span class='ocrx_word' id='word_1_156' title='bbox 258 2355 339 2416; x_wconf 92' lang='lat' dir='ltr'>quae</span> <span class='ocrx_word' id='word_1_157' title='bbox 362 2334 512 2399; x_wconf 89' lang='lat' dir='ltr'>Haterius</span> <span class='ocrx_word' id='word_1_158' title='bbox 534 2335 678 2419; x_wconf 83' lang='lat' dir='ltr'>Agrippa</span> <span class='ocrx_word' id='word_1_159' title='bbox 701 2336 844 2400; x_wconf 90' lang='lat' dir='ltr'>consules</span> <span class='ocrx_word' id='word_1_160' title='bbox 867 2335 943 2399; x_wconf 90' lang='lat' dir='ltr'>anni</span> <span class='ocrx_word' id='word_1_161' title='bbox 963 2335 1077 2419; x_wconf 84' lang='lat' dir='ltr'>prioris</span> <span class='ocrx_word' id='word_1_162' title='bbox 1092 2335 1220 2416; x_wconf 90' lang='lat' dir='ltr'>invasit,</span> <span class='ocrx_word' id='word_1_163' title='bbox 1242 2356 1298 2401; x_wconf 92' lang='lat' dir='ltr'>cur</span> 
     </span>
    </p>

    <p class='ocr_par' dir='ltr' id='par_1_22' title="bbox 106 2424 1300 2544">
     <span class='ocr_line' id='line_1_22' title="bbox 106 2424 1300 2544; baseline 0.002 -40"><span class='ocrx_word' id='word_1_164' title='bbox 106 2424 213 2544; x_wconf 41' lang='lat'>{32⁰⁰</span> <span class='ocrx_word' id='word_1_165' title='bbox 256 2447 366 2505; x_wconf 90' lang='lat' dir='ltr'>mutua</span> <span class='ocrx_word' id='word_1_166' title='bbox 387 2440 590 2505; x_wconf 90' lang='lat' dir='ltr'>accusatione</span> <span class='ocrx_word' id='word_1_167' title='bbox 611 2440 735 2505; x_wconf 91' lang='lat' dir='ltr'>intenta</span> <span class='ocrx_word' id='word_1_168' title='bbox 758 2459 843 2503; x_wconf 91' lang='lat' dir='ltr'>nunc</span> <span class='ocrx_word' id='word_1_169' title='bbox 865 2440 1007 2504; x_wconf 90' lang='lat' dir='ltr'>silerent:</span> <span class='ocrx_word' id='word_1_170' title='bbox 1031 2446 1152 2504; x_wconf 87' lang='lat' dir='ltr'>metum</span> <span class='ocrx_word' id='word_1_171' title='bbox 1170 2460 1300 2524; x_wconf 91' lang='lat' dir='ltr'>prorsus</span> 
     </span>
    </p>

    <p class='ocr_par' dir='ltr' id='par_1_23' title="bbox 106 2542 1300 2628">
     <span class='ocr_line' id='line_1_23' title="bbox 106 2542 1300 2628; baseline 0.003 -23"><span class='ocrx_word' id='word_1_172' title='bbox 106 2561 215 2606; x_wconf 66' lang='lat' dir='ltr'>arnume.</span> <span class='ocrx_word' id='word_1_173' title='bbox 257 2552 288 2610; x_wconf 89' lang='lat' dir='ltr'>et</span> <span class='ocrx_word' id='word_1_174' title='bbox 310 2564 415 2609; x_wconf 84' lang='lat' dir='ltr'>noxae</span> <span class='ocrx_word' id='word_1_175' title='bbox 439 2544 665 2609; x_wconf 88' lang='lat' dir='ltr'>conscientiam</span> <span class='ocrx_word' id='word_1_176' title='bbox 688 2564 745 2627; x_wconf 89' lang='lat' dir='ltr'>pro</span> <span class='ocrx_word' id='word_1_177' title='bbox 768 2542 896 2608; x_wconf 84' lang='lat' dir='ltr'>foedere</span> <span class='ocrx_word' id='word_1_178' title='bbox 919 2543 1045 2628; x_wconf 87' lang='lat' dir='ltr'>haberi;</span> <span class='ocrx_word' id='word_1_179' title='bbox 1068 2550 1102 2608; x_wconf 92' lang='lat' dir='ltr'>at</span> <span class='ocrx_word' id='word_1_180' title='bbox 1124 2563 1188 2608; x_wconf 90' lang='lat' dir='ltr'>non</span> <span class='ocrx_word' id='word_1_181' title='bbox 1203 2544 1300 2628; x_wconf 91' lang='lat' dir='ltr'>patri-</span> 
     </span>
    </p>

    <p class='ocr_par' dir='ltr' id='par_1_24' title="bbox 256 2647 1300 2732">
     <span class='ocr_line' id='line_1_24' title="bbox 256 2647 1300 2732; baseline 0 -18"><span class='ocrx_word' id='word_1_182' title='bbox 256 2650 316 2714; x_wconf 91' lang='lat' dir='ltr'>bus</span> <span class='ocrx_word' id='word_1_183' title='bbox 338 2647 501 2714; x_wconf 89' lang='lat' dir='ltr'>reticenda</span> <span class='ocrx_word' id='word_1_184' title='bbox 524 2668 606 2730; x_wconf 91' lang='lat' dir='ltr'>quae</span> <span class='ocrx_word' id='word_1_185' title='bbox 628 2647 835 2713; x_wconf 90' lang='lat' dir='ltr'>audivissent.</span> <span class='ocrx_word' id='word_1_186' title='bbox 870 2648 1012 2730; x_wconf 86' lang='lat' dir='ltr'>Regulus</span> <span class='ocrx_word' id='word_1_187' title='bbox 1027 2667 1156 2713; x_wconf 88' lang='lat' dir='ltr'>manere</span> <span class='ocrx_word' id='word_1_188' title='bbox 1171 2655 1300 2732; x_wconf 89' lang='lat' dir='ltr'>tempus</span> 
     </span>
    </p>

    <p class='ocr_par' dir='ltr' id='par_1_25' title="bbox 256 2751 1300 2836">
     <span class='ocr_line' id='line_1_25' title="bbox 256 2751 1300 2836; baseline 0 -20"><span class='ocrx_word' id='word_1_189' title='bbox 256 2753 393 2833; x_wconf 89' lang='lat' dir='ltr'>ultionis,</span> <span class='ocrx_word' id='word_1_190' title='bbox 418 2772 514 2834; x_wconf 88' lang='lat' dir='ltr'>seque</span> <span class='ocrx_word' id='word_1_191' title='bbox 538 2772 643 2816; x_wconf 92' lang='lat' dir='ltr'>coram</span> <span class='ocrx_word' id='word_1_192' title='bbox 666 2751 810 2835; x_wconf 89' lang='lat' dir='ltr'>principe</span> <span class='ocrx_word' id='word_1_193' title='bbox 834 2759 1071 2836; x_wconf 73' lang='lat' dir='ltr'>exsecuturum,</span> <span class='ocrx_word' id='word_1_194' title='bbox 1095 2751 1170 2816; x_wconf 78' lang='lat' dir='ltr'>Trio</span> <span class='ocrx_word' id='word_1_195' title='bbox 1193 2771 1300 2816; x_wconf 91' lang='lat' dir='ltr'>aemu-</span> 
     </span>
    </p>

    <p class='ocr_par' dir='ltr' id='par_1_26' title="bbox 256 2854 1301 2939">
     <span class='ocr_line' id='line_1_26' title="bbox 256 2854 1301 2939; baseline 0.002 -21"><span class='ocrx_word' id='word_1_196' title='bbox 256 2856 406 2921; x_wconf 88' lang='lat' dir='ltr'>lationem</span> <span class='ocrx_word' id='word_1_197' title='bbox 429 2856 511 2920; x_wconf 89' lang='lat' dir='ltr'>inter</span> <span class='ocrx_word' id='word_1_198' title='bbox 535 2856 674 2939; x_wconf 89' lang='lat' dir='ltr'>collegas</span> <span class='ocrx_word' id='word_1_199' title='bbox 697 2855 777 2920; x_wconf 87' lang='lat' dir='ltr'>etsi</span> <span class='ocrx_word' id='word_1_200' title='bbox 800 2875 863 2936; x_wconf 91' lang='lat' dir='ltr'>qua</span> <span class='ocrx_word' id='word_1_201' title='bbox 886 2854 1048 2920; x_wconf 88' lang='lat' dir='ltr'>discordes</span> <span class='ocrx_word' id='word_1_202' title='bbox 1070 2855 1220 2920; x_wconf 89' lang='lat' dir='ltr'>iecissent</span> <span class='ocrx_word' id='word_1_203' title='bbox 1236 2875 1301 2920; x_wconf 76' lang='lat' dir='ltr'>me</span> 
     </span>
    </p>

    <p class='ocr_par' dir='ltr' id='par_1_27' title="bbox 256 2958 1299 3043">
     <span class='ocr_line' id='line_1_27' title="bbox 256 2958 1299 3043; baseline 0.001 -20"><span class='ocrx_word' id='word_1_204' title='bbox 256 2960 316 3024; x_wconf 93' lang='lat' dir='ltr'>lius</span> <span class='ocrx_word' id='word_1_205' title='bbox 346 2959 519 3024; x_wconf 90' lang='lat' dir='ltr'>oblitterari</span> <span class='ocrx_word' id='word_1_206' title='bbox 549 2958 720 3043; x_wconf 89' lang='lat' dir='ltr'>respondit.</span> <span class='ocrx_word' id='word_1_207' title='bbox 767 2964 901 3042; x_wconf 88' lang='lat' dir='ltr'>urgente</span> <span class='ocrx_word' id='word_1_208' title='bbox 930 2958 1074 3042; x_wconf 83' lang='lat' dir='ltr'>Agrippa</span> <span class='ocrx_word' id='word_1_209' title='bbox 1103 2959 1299 3040; x_wconf 85' lang='lat' dir='ltr'>Sanquinius</span> 
     </span>
    </p>

    <p class='ocr_par' dir='ltr' id='par_1_28' title="bbox 255 3062 1300 3143">
     <span class='ocr_line' id='line_1_28' title="bbox 255 3062 1300 3143; baseline 0 -17"><span class='ocrx_word' id='word_1_210' title='bbox 255 3063 414 3128; x_wconf 83' lang='lat' dir='ltr'>Maximus</span> <span class='ocrx_word' id='word_1_211' title='bbox 444 3082 461 3126; x_wconf 90' lang='lat' dir='ltr'>e</span> <span class='ocrx_word' id='word_1_212' title='bbox 492 3062 709 3127; x_wconf 90' lang='lat' dir='ltr'>consularibus</span> <span class='ocrx_word' id='word_1_213' title='bbox 739 3063 842 3127; x_wconf 86' lang='lat' dir='ltr'>oravit</span> <span class='ocrx_word' id='word_1_214' title='bbox 872 3069 1027 3143; x_wconf 89' lang='lat' dir='ltr'>senatum,</span> <span class='ocrx_word' id='word_1_215' title='bbox 1058 3081 1099 3126; x_wconf 91' lang='lat' dir='ltr'>ne</span> <span class='ocrx_word' id='word_1_216' title='bbox 1126 3081 1218 3127; x_wconf 91' lang='lat' dir='ltr'>curas</span> <span class='ocrx_word' id='word_1_217' title='bbox 1243 3062 1300 3126; x_wconf 91' lang='lat' dir='ltr'>im-</span> 
     </span>
    </p>

    <p class='ocr_par' dir='ltr' id='par_1_29' title="bbox 256 3166 1299 3251">
     <span class='ocr_line' id='line_1_29' title="bbox 256 3166 1299 3251; baseline 0.001 -21"><span class='ocrx_word' id='word_1_218' title='bbox 256 3167 408 3250; x_wconf 91' lang='lat' dir='ltr'>peratoris</span> <span class='ocrx_word' id='word_1_219' title='bbox 432 3167 615 3249; x_wconf 87' lang='lat' dir='ltr'>conquisitis</span> <span class='ocrx_word' id='word_1_220' title='bbox 637 3167 767 3251; x_wconf 90' lang='lat' dir='ltr'>insuper</span> <span class='ocrx_word' id='word_1_221' title='bbox 788 3166 1014 3232; x_wconf 90' lang='lat' dir='ltr'>acerbitatibus</span> <span class='ocrx_word' id='word_1_222' title='bbox 1036 3173 1203 3250; x_wconf 89' lang='lat' dir='ltr'>augerent:</span> <span class='ocrx_word' id='word_1_223' title='bbox 1235 3166 1299 3231; x_wconf 87' lang='lat' dir='ltr'>suf-</span> 
     </span>
    </p>

    <p class='ocr_par' dir='ltr' id='par_1_30' title="bbox 254 3269 1299 3354">
     <span class='ocr_line' id='line_1_30' title="bbox 254 3269 1299 3354; baseline 0.001 -21"><span class='ocrx_word' id='word_1_224' title='bbox 254 3270 349 3335; x_wconf 85' lang='lat' dir='ltr'>ficere</span> <span class='ocrx_word' id='word_1_225' title='bbox 373 3270 477 3354; x_wconf 90' lang='lat' dir='ltr'>ipsum</span> <span class='ocrx_word' id='word_1_226' title='bbox 507 3269 683 3334; x_wconf 87' lang='lat' dir='ltr'>statuendis</span> <span class='ocrx_word' id='word_1_227' title='bbox 710 3269 868 3334; x_wconf 88' lang='lat' dir='ltr'>remediis.</span> <span class='ocrx_word' id='word_1_228' title='bbox 914 3270 960 3335; x_wconf 92' lang='lat' dir='ltr'>sic</span> <span class='ocrx_word' id='word_1_229' title='bbox 993 3270 1115 3354; x_wconf 90' lang='lat' dir='ltr'>Regulo</span> <span class='ocrx_word' id='word_1_230' title='bbox 1149 3270 1235 3335; x_wconf 91' lang='lat' dir='ltr'>salus</span> <span class='ocrx_word' id='word_1_231' title='bbox 1265 3276 1299 3334; x_wconf 91' lang='lat' dir='ltr'>et</span> 
     </span>
    </p>

    <p class='ocr_par' dir='ltr' id='par_1_31' title="bbox 253 3373 1299 3456">
     <span class='ocr_line' id='line_1_31' title="bbox 253 3373 1299 3456; baseline 0.001 -19"><span class='ocrx_word' id='word_1_232' title='bbox 253 3374 362 3439; x_wconf 87' lang='lat' dir='ltr'>Trioni</span> <span class='ocrx_word' id='word_1_233' title='bbox 385 3373 494 3439; x_wconf 90' lang='lat' dir='ltr'>dilatio</span> <span class='ocrx_word' id='word_1_234' title='bbox 518 3373 608 3438; x_wconf 84' lang='lat' dir='ltr'>exitii</span> <span class='ocrx_word' id='word_1_235' title='bbox 631 3373 784 3455; x_wconf 87' lang='lat' dir='ltr'>quaesita.</span> <span class='ocrx_word' id='word_1_236' title='bbox 816 3374 966 3438; x_wconf 88' lang='lat' dir='ltr'>Haterius</span> <span class='ocrx_word' id='word_1_237' title='bbox 981 3373 1114 3439; x_wconf 90' lang='lat' dir='ltr'>invisior</span> <span class='ocrx_word' id='word_1_238' title='bbox 1128 3374 1197 3454; x_wconf 84' lang='lat' dir='ltr'>fuit,</span> <span class='ocrx_word' id='word_1_239' title='bbox 1222 3374 1299 3456; x_wconf 90' lang='lat' dir='ltr'>quia</span> 
     </span>
    </p>

    <p class='ocr_par' dir='ltr' id='par_1_32' title="bbox 255 3474 1297 3562">
     <span class='ocr_line' id='line_1_32' title="bbox 255 3474 1297 3562; baseline -0.001 -19"><span class='ocrx_word' id='word_1_240' title='bbox 255 3474 364 3543; x_wconf 92' lang='lat' dir='ltr'>somno</span> <span class='ocrx_word' id='word_1_241' title='bbox 393 3485 449 3542; x_wconf 89' lang='lat' dir='ltr'>aut</span> <span class='ocrx_word' id='word_1_242' title='bbox 479 3477 656 3543; x_wconf 88' lang='lat' dir='ltr'>libidinosis</span> <span class='ocrx_word' id='word_1_243' title='bbox 686 3478 803 3562; x_wconf 93' lang='lat' dir='ltr'>vigiliis</span> <span class='ocrx_word' id='word_1_244' title='bbox 826 3477 984 3542; x_wconf 91' lang='lat' dir='ltr'>marcidus</span> <span class='ocrx_word' id='word_1_245' title='bbox 1007 3485 1038 3542; x_wconf 92' lang='lat' dir='ltr'>et</span> <span class='ocrx_word' id='word_1_246' title='bbox 1060 3478 1099 3542; x_wconf 92' lang='lat' dir='ltr'>ob</span> <span class='ocrx_word' id='word_1_247' title='bbox 1127 3477 1297 3561; x_wconf 90' lang='lat' dir='ltr'>segnitiam</span> 
     </span>
    </p>

    <p class='ocr_par' dir='ltr' id='par_1_33' title="bbox 253 3580 1298 3771">
     <span class='ocr_line' id='line_1_33' title="bbox 254 3580 1298 3666; baseline -0.001 -19"><span class='ocrx_word' id='word_1_248' title='bbox 254 3582 399 3665; x_wconf 90' lang='lat' dir='ltr'>quamvis</span> <span class='ocrx_word' id='word_1_249' title='bbox 415 3580 573 3646; x_wconf 89' lang='lat' dir='ltr'>crudelem</span> <span class='ocrx_word' id='word_1_250' title='bbox 589 3582 764 3666; x_wconf 90' lang='lat' dir='ltr'>principem</span> <span class='ocrx_word' id='word_1_251' title='bbox 781 3602 844 3646; x_wconf 92' lang='lat' dir='ltr'>non</span> <span class='ocrx_word' id='word_1_252' title='bbox 860 3588 1005 3646; x_wconf 88' lang='lat' dir='ltr'>metuens</span> <span class='ocrx_word' id='word_1_253' title='bbox 1019 3581 1204 3647; x_wconf 86' lang='lat' dir='ltr'>inlustribus</span> <span class='ocrx_word' id='word_1_254' title='bbox 1220 3581 1298 3646; x_wconf 85' lang='lat' dir='ltr'>viris</span> 
     </span>
     <span class='ocr_line' id='line_1_34' title="bbox 253 3684 1126 3771; baseline -0.001 -20"><span class='ocrx_word' id='word_1_255' title='bbox 253 3686 426 3771; x_wconf 87' lang='lat' dir='ltr'>perniciem</span> <span class='ocrx_word' id='word_1_256' title='bbox 449 3687 531 3750; x_wconf 89' lang='lat' dir='ltr'>inter</span> <span class='ocrx_word' id='word_1_257' title='bbox 553 3706 689 3769; x_wconf 88' lang='lat' dir='ltr'>ganeam</span> <span class='ocrx_word' id='word_1_258' title='bbox 712 3704 751 3749; x_wconf 89' lang='lat' dir='ltr'>ac</span> <span class='ocrx_word' id='word_1_259' title='bbox 774 3692 882 3770; x_wconf 88' lang='lat' dir='ltr'>stupra</span> <span class='ocrx_word' id='word_1_260' title='bbox 904 3684 1126 3750; x_wconf 87' lang='lat' dir='ltr'>meditabatur.</span> 
     </span>
    </p>

    <p class='ocr_par' dir='ltr' id='par_1_34' title="bbox 109 3789 1299 3872">
     <span class='ocr_line' id='line_1_35' title="bbox 109 3789 1299 3872; baseline 0.002 -19"><span class='ocrx_word' id='word_1_261' title='bbox 109 3789 202 3842; x_wconf 55' lang='grc' dir='ltr'>ΜΨ</span> <span class='ocrx_word' id='word_1_262' title='bbox 342 3791 371 3854; x_wconf 78' lang='lat'>5.</span> <span class='ocrx_word' id='word_1_263' title='bbox 395 3790 489 3853; x_wconf 83' lang='lat' dir='ltr'>Exim</span> <span class='ocrx_word' id='word_1_264' title='bbox 507 3789 600 3854; x_wconf 83' lang='lat' dir='ltr'>Cotta</span> <span class='ocrx_word' id='word_1_265' title='bbox 613 3789 813 3870; x_wconf 88' lang='lat' dir='ltr'>Messalinus,</span> <span class='ocrx_word' id='word_1_266' title='bbox 837 3790 1043 3854; x_wconf 86' lang='lat' dir='ltr'>saevissimae</span> <span class='ocrx_word' id='word_1_267' title='bbox 1059 3790 1212 3872; x_wconf 87' lang='lat' dir='ltr'>cuiusque</span> <span class='ocrx_word' id='word_1_268' title='bbox 1227 3809 1299 3855; x_wconf 91' lang='lat' dir='ltr'>sen·</span> 
     </span>
    </p>
   </div>
   <div class='ocr_carea' id='block_1_3' title="bbox 63 3858 1297 3982">
    <p class='ocr_par' dir='ltr' id='par_1_35' title="bbox 63 3858 1297 3982">
     <span class='ocr_line' id='line_1_36' title="bbox 63 3858 1297 3982; baseline 0.027 -29"><span class='ocrx_word' id='word_1_269' title='bbox 63 3863 136 3909; x_wconf 61' lang='lat' dir='ltr'>seam</span> <span class='ocrx_word' id='word_1_270' title='bbox 154 3858 227 3903; x_wconf 50' lang='lat' dir='ltr'>“w‘&#39;</span> <span class='ocrx_word' id='word_1_271' title='bbox 247 3896 370 3964; x_wconf 88' lang='lat' dir='ltr'>tentiae</span> <span class='ocrx_word' id='word_1_272' title='bbox 394 3902 508 3963; x_wconf 89' lang='lat' dir='ltr'>auctor</span> <span class='ocrx_word' id='word_1_273' title='bbox 531 3915 635 3982; x_wconf 88' lang='lat' dir='ltr'>eoque</span> <span class='ocrx_word' id='word_1_274' title='bbox 654 3894 836 3961; x_wconf 77' lang='lat' dir='ltr'>inueterata</span> <span class='ocrx_word' id='word_1_275' title='bbox 851 3892 989 3972; x_wconf 59' lang='lat' dir='ltr'>insidia.</span> <span class='ocrx_word' id='word_1_276' title='bbox 1013 3893 1070 3959; x_wconf 62' lang='lat' dir='ltr'>uhi</span> <span class='ocrx_word' id='word_1_277' title='bbox 1091 3893 1229 3976; x_wconf 63' lang='lat' dir='ltr'>trimum</span> <span class='ocrx_word' id='word_1_278' title='bbox 1250 3893 1297 3960; x_wconf 63' lang='lat' dir='ltr'>fa·</span> 
     </span>
    </p>
   </div>
   <div class='ocr_carea' id='block_1_4' title="bbox 0 0 1384 4214">
    <p class='ocr_par' dir='ltr' id='par_1_36' title="bbox 0 0 1384 4214">
     <span class='ocr_line' id='line_1_37' title="bbox 0 0 1384 4214; baseline 0 0"><span class='ocrx_word' id='word_1_279' title='bbox 0 0 1384 4214; x_wconf 95' lang='lat' dir='ltr'> </span> 
     </span>
    </p>
   </div>
  </div>
 </body>
</html>
