2760 4214
190 175 232 239 48
454 191 502 245 Ab
522 207 638 246 excessu
655 193 687 246 D.
702 192 818 281 August
830 192 858 247 ΙΙ
871 197 964 251 a-la

191 373 223 431 ct
252 365 413 432 Oceanum
443 387 543 450 usque
573 367 615 431 ad
637 367 790 432 Amisiam
819 367 1107 433 flumenseeunda
1136 368 1228 432 navi-

189 470 317 554 gatione
350 469 540 554 pervehitur.
588 470 697 536 classis
731 471 871 536 Amisiae
905 493 958 537 ore
990 473 1100 537 relicta
1132 472 1228 537 laevo

189 595 293 656 amne,
324 581 523 657 ematumque
550 575 583 638 in
611 595 657 656 eo,
688 574 773 656 quod
794 595 858 639 non
881 576 1029 641 subvexit
1050 582 1106 640 aut
1127 583 1228 641 hans-

189 679 293 762 posuit
315 678 447 742 militem
470 677 598 743 dextras
620 680 652 742 in
676 685 775 743 terras
797 679 926 763 iturum;
961 679 1006 744 ita
1028 681 1133 763 plures
1156 679 1227 746 dies

189 781 365 847 efficiendis
395 782 542 866 pontibus
571 783 739 866 absumpti.
779 789 810 847 ct
841 804 937 866 eques
968 782 1094 865 quidem
1124 804 1162 848 ac
1184 785 1226 849 le-

188 888 299 971 giones
329 887 430 971 prima
459 887 625 967 aestuaria,
656 887 797 952 nondum
827 887 1030 953 adcrescente
1053 887 1149 969 unda,
1180 889 1226 953 irr-

188 990 303 1074 trepidi
319 992 483 1056 transiere:
505 997 698 1074 postremum
713 991 901 1055 auxiliorum
916 1012 1032 1075 agmen
1047 992 1226 1075 Batavique

188 1095 220 1158 in
236 1102 326 1178 parte
342 1115 389 1176 ea,
405 1094 480 1158 dum
497 1096 649 1160 insultant
663 1095 754 1177 aquis
769 1102 931 1177 artemque
943 1095 1041 1159 nandi
1053 1103 1224 1178 ostentant,

188 1199 303 1265 turbati
333 1207 365 1264 et
394 1198 523 1281 quidam
554 1199 658 1263 hausti
687 1206 768 1263 sunt.
807 1199 939 1264 metanti
970 1206 1072 1264 castra
1095 1201 1225 1266 Caesari

186 1303 455 1387 Ampsivariorum
478 1302 613 1369 defectio
636 1324 656 1366 a
679 1310 766 1387 tergo
796 1304 971 1368 nunhatnr:
1006 1305 1120 1369 missus
1150 1306 1224 1371 ilico

187 1405 354 1473 Stertinius
378 1428 448 1472 oum
472 1407 577 1490 equite
600 1414 632 1472 et
653 1413 812 1471 armatura
834 1408 897 1472 levi
919 1407 993 1491 igne
1017 1414 1048 1473 et
1071 1408 1225 1474 caedibus

186 1511 352 1595 perfidiam
374 1513 457 1576 ultus
481 1518 537 1577 est.

21 1619 168 1670 alternans
274 1615 302 1679 9.
335 1617 470 1680 Flumen
493 1616 637 1700 Visurgis
667 1617 827 1681 Romanos
860 1615 1096 1700 Cheruscosque
1130 1617 1225 1682 inter-

33 1688 148 1802 amfflm,
186 1718 313 1784 fluebat.
354 1720 421 1785 eius
452 1720 485 1783 in
515 1720 584 1803 ripa
615 1740 685 1783 cum
716 1720 828 1784 ceteris
851 1720 1039 1803 primoribus
1061 1721 1225 1787 Arminius

20 1826 64 1870 mu
76 1826 154 1878 tarnem
185 1823 317 1905 adstitit,
340 1825 545 1907 quaesitoque
564 1845 606 1888 an
622 1825 741 1890 Caesar
756 1825 906 1906 venisset,
929 1833 1096 1909 postquam
1110 1826 1225 1893 adesse

44 1895 136 1949 mm
184 1948 370 2012 responsum
404 1935 462 2008 est,
500 1934 535 1992 ut
567 1927 675 1993 liceret
709 1949 780 1993 cum
810 1928 906 1994 fratre
936 1931 1080 2012 conloqui
1110 1932 1222 1995 oravit.

185 2039 253 2096 crat
274 2033 301 2095 is
324 2033 357 2095 in
380 2031 520 2096 exercitu
544 2039 750 2115 cognomento
774 2033 901 2112 Flavus,
931 2033 1066 2116 insignis
1095 2033 1159 2099 fide
1191 2041 1225 2100 et

185 2135 301 2200 amisso
323 2157 380 2219 per
402 2135 516 2199 vulnus
538 2135 626 2200 oculo
650 2135 759 2219 paucis
782 2142 856 2200 ante
878 2136 972 2202 annis
988 2135 1068 2201 duce
1083 2137 1221 2204 Tiberio.

185 2245 251 2302 tum
281 2237 433 2321 permisso
463 2237 619 2321 praesidio
643 2258 889 2322 progressusque
912 2239 1066 2303 salutatur
1095 2242 1135 2304 ab
1167 2241 1225 2305 Ar-

185 2341 295 2425 minio,
331 2341 384 2423 qui
414 2341 527 2405 amotis
558 2341 770 2425 stipatoribus,
801 2348 836 2406 nt
858 2342 1012 2426 sagittarii
1035 2350 1143 2407 nostra
1165 2365 1224 2427 pro

184 2447 253 2529 ripa
275 2444 419 2528 dispositi
435 2444 641 2510 abscederent
664 2445 810 2529 postulat,
834 2451 866 2510 et
888 2453 1054 2529 postquam
1077 2446 1223 2530 digressi,

184 2549 269 2615 unde
291 2570 330 2614 ea
352 2548 534 2614 deformitas
557 2551 619 2614 oris
642 2550 814 2633 interrogat
847 2549 985 2615 fratrem.
1036 2551 1088 2616 illo
1118 2552 1224 2615 locum

184 2661 216 2720 et
237 2653 390 2738 proelium
412 2653 578 2733 referente,
603 2653 761 2735 quoduam
784 2654 959 2736 praemium
983 2655 1154 2738 recepisset
1169 2676 1224 2720 ex·

185 2758 287 2840 quirit.
313 2759 430 2822 Flavus
442 2764 535 2822 aucta
547 2757 714 2841 stipendia,
733 2765 876 2840 torquem
889 2765 921 2822 et
933 2778 1080 2823 coronam
1096 2759 1223 2841 aliaque

184 2862 331 2926 militaria
351 2860 433 2925 dona
458 2867 619 2941 memorat,
647 2861 803 2926 inridente
830 2861 971 2926 Arminio
999 2862 1075 2926 vilia
1101 2862 1224 2927 servitii

185 2967 296 3050 pretia.

13 3068 165 3190 ”billbgssffilb
274 3068 322 3132 10.
346 3070 430 3133 Exin
458 3069 574 3135 diversi
602 3069 774 3149 ordiuntur,
807 3069 858 3134 hic
884 3069 1135 3153 magnitudinem
1163 3072 1223 3136 Ro-

34 3210 139 3252 m„
185 3193 321 3253 manam,
345 3193 421 3256 opes
445 3173 591 3239 Caesaris
614 3180 646 3238 et
667 3173 760 3238 vietis
782 3194 897 3256 graves
920 3193 1049 3257 poenas,
1080 3174 1113 3238 in
1136 3172 1222 3239 dedi·

185 3278 302 3342 tionem
324 3277 465 3341 venienti
488 3284 631 3360 paratam
653 3277 865 3360 clementiam,
890 3297 992 3359 neque
1009 3277 1174 3361 coniugem
1191 3285 1225 3344 et

184 3381 283 3445 tilium
306 3381 374 3445 eius
396 3380 550 3445 hostiliter
573 3380 697 3445 baberi:
732 3381 785 3444 ille
808 3380 857 3445 fas
880 3382 1011 3463 patriae,
1043 3382 1223 3447 libertatem

184 3486 312 3565 avitam,
347 3485 516 3568 penetralis
540 3485 728 3550 Germaniae
751 3484 837 3567 deos,
868 3492 1001 3550 matrem
1023 3506 1152 3570 precum
1175 3507 1223 3552 so-

185 3591 278 3675 ciam;
303 3611 342 3654 nc
366 3591 612 3673 propinquorum
635 3598 666 3654 ct
688 3589 849 3670 adfinium,
873 3589 1009 3673 denique
1024 3591 1129 3674 gentis
1144 3611 1222 3657 suae

184 3693 324 3760 desertor
347 3701 378 3758 et
393 3693 533 3777 proditor
548 3715 643 3776 quam
658 3696 828 3778 imperator
843 3714 913 3759 esse
928 3696 1044 3760 mallet.
1068 3695 1222 3780 paulatim

184 3799 257 3864 inde
287 3797 328 3862 ad
359 3798 460 3882 iurgia
488 3799 625 3883 prolapsi
649 3800 837 3882 quominus
860 3820 998 3883 pugnam
1021 3807 1222 3865 consererent

177 3925 221 3968 ne
242 3901 374 3968 dumine
397 3902 525 3986 quidem
548 3903 711 3970 interiecto
735 3903 972 3985 cohibebantur,
997 3904 1029 3968 ni
1052 3904 1222 3970 Stertinius
