<?xml version="1.0" encoding="UTF-8"?>
<!DOCTYPE html PUBLIC "-//W3C//DTD XHTML 1.0 Transitional//EN"
    "http://www.w3.org/TR/xhtml1/DTD/xhtml1-transitional.dtd">
<html xmlns="http://www.w3.org/1999/xhtml" xml:lang="en" lang="en">
 <head>
  <title>
</title>
<meta http-equiv="Content-Type" content="text/html;charset=utf-8" />
  <meta name='ocr-system' content='tesseract 3.04.00' />
  <meta name='ocr-capabilities' content='ocr_page ocr_carea ocr_par ocr_line ocrx_word'/>
</head>
<body>
  <div class='ocr_page' id='page_1' title='image "./annalen00tacigoog_0135.png"; bbox 0 0 2760 4214; ppageno 0'>
   <div class='ocr_carea' id='block_1_1' title="bbox 454 164 1156 248">
    <p class='ocr_par' dir='ltr' id='par_1_1' title="bbox 454 164 1156 248">
     <span class='ocr_line' id='line_1_1' title="bbox 454 164 1156 248; baseline -0.007 -17"><span class='ocrx_word' id='word_1_1' title='bbox 454 195 478 233; x_wconf 92' lang='lat' dir='ltr'>a.</span> <span class='ocrx_word' id='word_1_2' title='bbox 491 177 524 233; x_wconf 93' lang='lat' dir='ltr'>U.</span> <span class='ocrx_word' id='word_1_3' title='bbox 538 194 560 232; x_wconf 93' lang='lat' dir='ltr'>c.</span> <span class='ocrx_word' id='word_1_4' title='bbox 575 182 633 234; x_wconf 81' lang='lat'><strong>775.</strong></span> <span class='ocrx_word' id='word_1_5' title='bbox 658 196 683 248; x_wconf 90' lang='lat' dir='ltr'>p.</span> <span class='ocrx_word' id='word_1_6' title='bbox 698 177 760 233; x_wconf 86' lang='lat' dir='ltr'>Chr.</span> <span class='ocrx_word' id='word_1_7' title='bbox 774 181 817 234; x_wconf 80' lang='grc'>22.</span> <span class='ocrx_word' id='word_1_8' title='bbox 1094 164 1156 227; x_wconf 85' lang='grc'>113</span> 
     </span>
    </p>
   </div>
   <div class='ocr_carea' id='block_1_2' title="bbox 112 352 1322 3863">
    <p class='ocr_par' dir='ltr' id='par_1_2' title="bbox 112 352 1156 955">
     <span class='ocr_line' id='line_1_2' title="bbox 112 352 1156 438; baseline 0.003 -21"><span class='ocrx_word' id='word_1_9' title='bbox 112 353 231 434; x_wconf 84' lang='lat' dir='ltr'>volunt,</span> <span class='ocrx_word' id='word_1_10' title='bbox 255 352 340 434; x_wconf 91' lang='lat' dir='ltr'>dein,</span> <span class='ocrx_word' id='word_1_11' title='bbox 364 373 434 418; x_wconf 90' lang='lat' dir='ltr'>cum</span> <span class='ocrx_word' id='word_1_12' title='bbox 455 354 587 437; x_wconf 85' lang='lat' dir='ltr'><strong>gloriam</strong></span> <span class='ocrx_word' id='word_1_13' title='bbox 604 354 672 419; x_wconf 89' lang='lat' dir='ltr'>eius</span> <span class='ocrx_word' id='word_1_14' title='bbox 686 355 733 418; x_wconf 95' lang='lat' dir='ltr'>rei</span> <span class='ocrx_word' id='word_1_15' title='bbox 749 353 856 438; x_wconf 83' lang='lat' dir='ltr'>adepti</span> <span class='ocrx_word' id='word_1_16' title='bbox 873 362 955 435; x_wconf 92' lang='lat' dir='ltr'>sunt,</span> <span class='ocrx_word' id='word_1_17' title='bbox 980 354 1156 420; x_wconf 82' lang='lat' dir='ltr'>simultates</span> 
     </span>
     <span class='ocr_line' id='line_1_3' title="bbox 112 457 1156 543; baseline 0.005 -24"><span class='ocrx_word' id='word_1_18' title='bbox 112 457 234 521; x_wconf 87' lang='lat' dir='ltr'>faciunt</span> <span class='ocrx_word' id='word_1_19' title='bbox 257 477 294 521; x_wconf 92' lang='lat' dir='ltr'>ac</span> <span class='ocrx_word' id='word_1_20' title='bbox 317 457 395 521; x_wconf 92' lang='lat' dir='ltr'>mihi</span> <span class='ocrx_word' id='word_1_21' title='bbox 410 457 602 539; x_wconf 89' lang='lat' dir='ltr'>relinquunt,</span> <span class='ocrx_word' id='word_1_22' title='bbox 627 457 755 539; x_wconf 80' lang='lat' dir='ltr'>credite,</span> <span class='ocrx_word' id='word_1_23' title='bbox 778 463 885 543; x_wconf 89' lang='lat' dir='ltr'>patres</span> <span class='ocrx_word' id='word_1_24' title='bbox 901 459 1081 543; x_wconf 77' lang='lat' dir='ltr'>conscripti,</span> <span class='ocrx_word' id='word_1_25' title='bbox 1105 479 1156 524; x_wconf 92' lang='lat' dir='ltr'>me</span> 
     </span>
     <span class='ocr_line' id='line_1_4' title="bbox 114 560 1156 646; baseline 0.004 -22"><span class='ocrx_word' id='word_1_26' title='bbox 114 580 239 642; x_wconf 91' lang='lat' dir='ltr'>quoque</span> <span class='ocrx_word' id='word_1_27' title='bbox 262 581 325 625; x_wconf 96' lang='lat' dir='ltr'>non</span> <span class='ocrx_word' id='word_1_28' title='bbox 349 580 419 625; x_wconf 91' lang='lat' dir='ltr'>esse</span> <span class='ocrx_word' id='word_1_29' title='bbox 442 561 652 626; x_wconf 87' lang='lat' dir='ltr'>offensionum</span> <span class='ocrx_word' id='word_1_30' title='bbox 675 560 820 646; x_wconf 80' lang='lat' dir='ltr'>auidum3</span> <span class='ocrx_word' id='word_1_31' title='bbox 845 582 923 644; x_wconf 91' lang='lat' dir='ltr'>quas</span> <span class='ocrx_word' id='word_1_32' title='bbox 947 583 1017 627; x_wconf 91' lang='lat' dir='ltr'>oum</span> <span class='ocrx_word' id='word_1_33' title='bbox 1041 583 1156 646; x_wconf 83' lang='lat' dir='ltr'>graves</span> 
     </span>
     <span class='ocr_line' id='line_1_5' title="bbox 115 664 1156 749; baseline 0.003 -22"><span class='ocrx_word' id='word_1_34' title='bbox 115 670 146 727; x_wconf 91' lang='lat' dir='ltr'>et</span> <span class='ocrx_word' id='word_1_35' title='bbox 176 664 361 747; x_wconf 90' lang='lat' dir='ltr'>plerumque</span> <span class='ocrx_word' id='word_1_36' title='bbox 392 664 518 746; x_wconf 93' lang='lat' dir='ltr'>iniquas</span> <span class='ocrx_word' id='word_1_37' title='bbox 545 685 602 747; x_wconf 94' lang='lat' dir='ltr'>pro</span> <span class='ocrx_word' id='word_1_38' title='bbox 625 664 809 749; x_wconf 89' lang='lat' dir='ltr'>republica</span> <span class='ocrx_word' id='word_1_39' title='bbox 832 665 1013 749; x_wconf 83' lang='lat' dir='ltr'>suscipiam,</span> <span class='ocrx_word' id='word_1_40' title='bbox 1044 666 1156 730; x_wconf 90' lang='lat' dir='ltr'>inanes</span> 
     </span>
     <span class='ocr_line' id='line_1_6' title="bbox 115 767 1156 851; baseline 0.004 -21"><span class='ocrx_word' id='word_1_41' title='bbox 115 774 146 830; x_wconf 89' lang='lat' dir='ltr'>et</span> <span class='ocrx_word' id='word_1_42' title='bbox 175 768 288 833; x_wconf 87' lang='lat' dir='ltr'>inritas</span> <span class='ocrx_word' id='word_1_43' title='bbox 317 787 422 851; x_wconf 91' lang='lat' dir='ltr'>neque</span> <span class='ocrx_word' id='word_1_44' title='bbox 453 767 532 832; x_wconf 93' lang='lat' dir='ltr'>mihi</span> <span class='ocrx_word' id='word_1_45' title='bbox 562 775 616 832; x_wconf 94' lang='lat' dir='ltr'>aut</span> <span class='ocrx_word' id='word_1_46' title='bbox 645 769 737 834; x_wconf 79' lang='lat' dir='ltr'>vobis</span> <span class='ocrx_word' id='word_1_47' title='bbox 766 768 837 833; x_wconf 91' lang='lat' dir='ltr'>usui</span> <span class='ocrx_word' id='word_1_48' title='bbox 864 769 987 833; x_wconf 84' lang='lat' dir='ltr'>futuras</span> <span class='ocrx_word' id='word_1_49' title='bbox 1014 769 1081 833; x_wconf 89' lang='lat' dir='ltr'>iure</span> <span class='ocrx_word' id='word_1_50' title='bbox 1105 768 1156 834; x_wconf 93' lang='lat' dir='ltr'>de·</span> 
     </span>
     <span class='ocr_line' id='line_1_7' title="bbox 116 868 248 955; baseline 0 -21"><span class='ocrx_word' id='word_1_51' title='bbox 116 868 248 955; x_wconf 71' lang='lat' dir='ltr'>precor.2</span> 
     </span>
    </p>

    <p class='ocr_par' dir='ltr' id='par_1_3' title="bbox 112 975 1319 3326">
     <span class='ocr_line' id='line_1_8' title="bbox 200 975 1319 1043; baseline 0.002 -3"><span class='ocrx_word' id='word_1_52' title='bbox 200 976 251 1040; x_wconf 72' lang='lat'>55.</span> <span class='ocrx_word' id='word_1_53' title='bbox 275 976 402 1042; x_wconf 85' lang='lat' dir='ltr'>Auditis</span> <span class='ocrx_word' id='word_1_54' title='bbox 425 976 570 1041; x_wconf 81' lang='lat' dir='ltr'>Caesaris</span> <span class='ocrx_word' id='word_1_55' title='bbox 596 976 709 1040; x_wconf 84' lang='lat' dir='ltr'>litteris</span> <span class='ocrx_word' id='word_1_56' title='bbox 735 977 868 1041; x_wconf 89' lang='lat' dir='ltr'>remissa</span> <span class='ocrx_word' id='word_1_57' title='bbox 897 975 1054 1043; x_wconf 89' lang='lat' dir='ltr'>aedilibus</span> <span class='ocrx_word' id='word_1_58' title='bbox 1084 977 1156 1042; x_wconf 88' lang='lat' dir='ltr'>talis</span> <span class='ocrx_word' id='word_1_59' title='bbox 1181 975 1319 1032; x_wconf 73' lang='lat' dir='ltr'>sumtuose</span> 
     </span>
     <span class='ocr_line' id='line_1_9' title="bbox 114 1047 1316 1172; baseline 0.002 -29"><span class='ocrx_word' id='word_1_60' title='bbox 114 1099 204 1164; x_wconf 79' lang='lat' dir='ltr'>cura3</span> <span class='ocrx_word' id='word_1_61' title='bbox 227 1081 385 1161; x_wconf 86' lang='lat' dir='ltr'>luxusque</span> <span class='ocrx_word' id='word_1_62' title='bbox 408 1099 547 1161; x_wconf 89' lang='lat' dir='ltr'>mensae,</span> <span class='ocrx_word' id='word_1_63' title='bbox 571 1079 669 1144; x_wconf 91' lang='lat' dir='ltr'>afine</span> <span class='ocrx_word' id='word_1_64' title='bbox 684 1079 808 1144; x_wconf 85' lang='lat' dir='ltr'>Actiaci</span> <span class='ocrx_word' id='word_1_65' title='bbox 831 1081 905 1145; x_wconf 89' lang='lat' dir='ltr'>belli</span> <span class='ocrx_word' id='word_1_66' title='bbox 928 1079 970 1144; x_wconf 93' lang='lat' dir='ltr'>ad</span> <span class='ocrx_word' id='word_1_67' title='bbox 994 1101 1032 1145; x_wconf 88' lang='lat' dir='ltr'>ea</span> <span class='ocrx_word' id='word_1_68' title='bbox 1055 1102 1154 1162; x_wconf 91' lang='lat' dir='ltr'>arma,</span> <span class='ocrx_word' id='word_1_69' title='bbox 1188 1047 1316 1172; x_wconf 43' lang='lat' dir='ltr'>„dmg</span> 
     </span>
     <span class='ocr_line' id='line_1_10' title="bbox 114 1182 1156 1269; baseline -0.001 -19"><span class='ocrx_word' id='word_1_70' title='bbox 114 1187 183 1269; x_wconf 92' lang='lat' dir='ltr'>quis</span> <span class='ocrx_word' id='word_1_71' title='bbox 206 1186 335 1251; x_wconf 83' lang='lat' dir='ltr'>Servius</span> <span class='ocrx_word' id='word_1_72' title='bbox 358 1185 461 1249; x_wconf 83' lang='lat' dir='ltr'>Galba</span> <span class='ocrx_word' id='word_1_73' title='bbox 482 1205 587 1248; x_wconf 94' lang='lat' dir='ltr'>rerum</span> <span class='ocrx_word' id='word_1_74' title='bbox 610 1182 744 1268; x_wconf 90' lang='lat' dir='ltr'>adeptus</span> <span class='ocrx_word' id='word_1_75' title='bbox 760 1191 818 1264; x_wconf 89' lang='lat' dir='ltr'>est,</span> <span class='ocrx_word' id='word_1_76' title='bbox 841 1205 898 1268; x_wconf 91' lang='lat' dir='ltr'>per</span> <span class='ocrx_word' id='word_1_77' title='bbox 913 1204 1014 1249; x_wconf 87' lang='lat' dir='ltr'>annos</span> <span class='ocrx_word' id='word_1_78' title='bbox 1030 1191 1156 1249; x_wconf 91' lang='lat' dir='ltr'>centum</span> 
     </span>
     <span class='ocr_line' id='line_1_11' title="bbox 112 1289 1156 1373; baseline 0.001 -20"><span class='ocrx_word' id='word_1_79' title='bbox 112 1289 250 1373; x_wconf 84' lang='lat' dir='ltr'>profusis</span> <span class='ocrx_word' id='word_1_80' title='bbox 279 1289 456 1373; x_wconf 90' lang='lat' dir='ltr'>sumptibus</span> <span class='ocrx_word' id='word_1_81' title='bbox 483 1289 615 1353; x_wconf 84' lang='lat' dir='ltr'>exerciti</span> <span class='ocrx_word' id='word_1_82' title='bbox 641 1289 796 1372; x_wconf 90' lang='lat' dir='ltr'>paulatim</span> <span class='ocrx_word' id='word_1_83' title='bbox 819 1289 996 1353; x_wconf 84' lang='lat' dir='ltr'>exolevere.</span> <span class='ocrx_word' id='word_1_84' title='bbox 1043 1309 1156 1355; x_wconf 89' lang='lat' dir='ltr'>causas</span> 
     </span>
     <span class='ocr_line' id='line_1_12' title="bbox 113 1391 1158 1474; baseline -0.002 -16"><span class='ocrx_word' id='word_1_85' title='bbox 113 1394 181 1458; x_wconf 89' lang='lat' dir='ltr'>eius</span> <span class='ocrx_word' id='word_1_86' title='bbox 204 1394 387 1458; x_wconf 88' lang='lat' dir='ltr'>mutationis</span> <span class='ocrx_word' id='word_1_87' title='bbox 411 1411 561 1474; x_wconf 86' lang='lat' dir='ltr'>quaerere</span> <span class='ocrx_word' id='word_1_88' title='bbox 585 1392 671 1456; x_wconf 91' lang='lat' dir='ltr'>libet.</span> <span class='ocrx_word' id='word_1_89' title='bbox 704 1391 786 1456; x_wconf 91' lang='lat' dir='ltr'>dites</span> <span class='ocrx_word' id='word_1_90' title='bbox 809 1392 883 1456; x_wconf 93' lang='lat' dir='ltr'>olim</span> <span class='ocrx_word' id='word_1_91' title='bbox 906 1392 1046 1456; x_wconf 81' lang='lat' dir='ltr'>familiae</span> <span class='ocrx_word' id='word_1_92' title='bbox 1069 1392 1158 1456; x_wconf 92' lang='lat' dir='ltr'>nobi-</span> 
     </span>
     <span class='ocr_line' id='line_1_13' title="bbox 113 1494 1156 1580; baseline 0 -20"><span class='ocrx_word' id='word_1_93' title='bbox 113 1498 190 1560; x_wconf 94' lang='lat' dir='ltr'>lium</span> <span class='ocrx_word' id='word_1_94' title='bbox 217 1504 273 1561; x_wconf 92' lang='lat' dir='ltr'>aut</span> <span class='ocrx_word' id='word_1_95' title='bbox 300 1494 488 1561; x_wconf 88' lang='lat' dir='ltr'>claritudine</span> <span class='ocrx_word' id='word_1_96' title='bbox 515 1495 658 1578; x_wconf 80' lang='lat' dir='ltr'>insignes</span> <span class='ocrx_word' id='word_1_97' title='bbox 681 1495 784 1560; x_wconf 92' lang='lat' dir='ltr'>studio</span> <span class='ocrx_word' id='word_1_98' title='bbox 807 1495 1066 1579; x_wconf 80' lang='lat' dir='ltr'>magnificentiae</span> <span class='ocrx_word' id='word_1_99' title='bbox 1088 1516 1156 1580; x_wconf 91' lang='lat' dir='ltr'>pro·</span> 
     </span>
     <span class='ocr_line' id='line_1_14' title="bbox 113 1598 1156 1683; baseline 0 -19"><span class='ocrx_word' id='word_1_100' title='bbox 113 1601 311 1666; x_wconf 87' lang='lat' dir='ltr'>labebantur.</span> <span class='ocrx_word' id='word_1_101' title='bbox 350 1620 424 1664; x_wconf 95' lang='lat' dir='ltr'>nam</span> <span class='ocrx_word' id='word_1_102' title='bbox 448 1599 634 1664; x_wconf 89' lang='lat' dir='ltr'>etiamtum</span> <span class='ocrx_word' id='word_1_103' title='bbox 657 1598 783 1683; x_wconf 90' lang='lat' dir='ltr'>plebem</span> <span class='ocrx_word' id='word_1_104' title='bbox 807 1599 907 1664; x_wconf 89' lang='lat' dir='ltr'>socios</span> <span class='ocrx_word' id='word_1_105' title='bbox 929 1619 1030 1682; x_wconf 80' lang='lat' dir='ltr'>regna</span> <span class='ocrx_word' id='word_1_106' title='bbox 1053 1600 1156 1664; x_wconf 88' lang='lat' dir='ltr'>colere</span> 
     </span>
     <span class='ocr_line' id='line_1_15' title="bbox 114 1701 1155 1788; baseline 0 -20"><span class='ocrx_word' id='word_1_107' title='bbox 114 1712 145 1768; x_wconf 88' lang='lat' dir='ltr'>et</span> <span class='ocrx_word' id='word_1_108' title='bbox 169 1705 228 1769; x_wconf 91' lang='lat' dir='ltr'>ooli</span> <span class='ocrx_word' id='word_1_109' title='bbox 249 1704 384 1788; x_wconf 85' lang='lat' dir='ltr'>licitum;</span> <span class='ocrx_word' id='word_1_110' title='bbox 408 1709 443 1768; x_wconf 93' lang='lat' dir='ltr'>ut</span> <span class='ocrx_word' id='word_1_111' title='bbox 466 1703 599 1785; x_wconf 92' lang='lat' dir='ltr'>quisque</span> <span class='ocrx_word' id='word_1_112' title='bbox 615 1703 728 1786; x_wconf 92' lang='lat' dir='ltr'>opibus</span> <span class='ocrx_word' id='word_1_113' title='bbox 745 1701 837 1767; x_wconf 94' lang='lat' dir='ltr'>domo</span> <span class='ocrx_word' id='word_1_114' title='bbox 854 1708 967 1786; x_wconf 91' lang='lat' dir='ltr'>paratu</span> <span class='ocrx_word' id='word_1_115' title='bbox 984 1702 1155 1786; x_wconf 90' lang='lat' dir='ltr'>speciosus,</span> 
     </span>
     <span class='ocr_line' id='line_1_16' title="bbox 116 1805 1156 1891; baseline -0.002 -19"><span class='ocrx_word' id='word_1_116' title='bbox 116 1828 173 1891; x_wconf 89' lang='lat' dir='ltr'>per</span> <span class='ocrx_word' id='word_1_117' title='bbox 195 1828 309 1872; x_wconf 90' lang='lat' dir='ltr'>nomen</span> <span class='ocrx_word' id='word_1_118' title='bbox 334 1814 366 1870; x_wconf 91' lang='lat' dir='ltr'>et</span> <span class='ocrx_word' id='word_1_119' title='bbox 388 1807 551 1871; x_wconf 88' lang='lat' dir='ltr'>clientelas</span> <span class='ocrx_word' id='word_1_120' title='bbox 574 1806 734 1871; x_wconf 84' lang='lat' dir='ltr'>inlustrior</span> <span class='ocrx_word' id='word_1_121' title='bbox 756 1805 941 1872; x_wconf 89' lang='lat' dir='ltr'>habebatur.</span> <span class='ocrx_word' id='word_1_122' title='bbox 988 1814 1156 1891; x_wconf 89' lang='lat' dir='ltr'>postquam</span> 
     </span>
     <span class='ocr_line' id='line_1_17' title="bbox 114 1908 1157 1993; baseline -0.001 -17"><span class='ocrx_word' id='word_1_123' title='bbox 114 1911 265 1976; x_wconf 91' lang='lat' dir='ltr'>caedibus</span> <span class='ocrx_word' id='word_1_124' title='bbox 288 1912 446 1976; x_wconf 88' lang='lat' dir='ltr'>saevitum</span> <span class='ocrx_word' id='word_1_125' title='bbox 471 1917 503 1975; x_wconf 89' lang='lat' dir='ltr'>et</span> <span class='ocrx_word' id='word_1_126' title='bbox 517 1908 704 1993; x_wconf 80' lang='lat' dir='ltr'>magnitudo</span> <span class='ocrx_word' id='word_1_127' title='bbox 721 1910 827 1975; x_wconf 81' lang='lat' dir='ltr'>famae</span> <span class='ocrx_word' id='word_1_128' title='bbox 843 1912 942 1976; x_wconf 84' lang='lat' dir='ltr'>exitio</span> <span class='ocrx_word' id='word_1_129' title='bbox 958 1917 1035 1993; x_wconf 91' lang='lat' dir='ltr'>erat,</span> <span class='ocrx_word' id='word_1_130' title='bbox 1060 1912 1157 1976; x_wconf 91' lang='lat' dir='ltr'>ceteri</span> 
     </span>
     <span class='ocr_line' id='line_1_18' title="bbox 114 2014 1157 2099; baseline 0 -19"><span class='ocrx_word' id='word_1_131' title='bbox 114 2015 156 2080; x_wconf 93' lang='lat' dir='ltr'>ad</span> <span class='ocrx_word' id='word_1_132' title='bbox 184 2014 376 2099; x_wconf 91' lang='lat' dir='ltr'>sapientiora</span> <span class='ocrx_word' id='word_1_133' title='bbox 400 2021 594 2080; x_wconf 87' lang='lat' dir='ltr'>convertere.</span> <span class='ocrx_word' id='word_1_134' title='bbox 633 2015 726 2080; x_wconf 92' lang='lat' dir='ltr'>simul</span> <span class='ocrx_word' id='word_1_135' title='bbox 749 2016 825 2080; x_wconf 85' lang='lat' dir='ltr'>novi</span> <span class='ocrx_word' id='word_1_136' title='bbox 847 2014 993 2081; x_wconf 89' lang='lat' dir='ltr'>homines</span> <span class='ocrx_word' id='word_1_137' title='bbox 1017 2036 1034 2080; x_wconf 97' lang='lat' dir='ltr'>e</span> <span class='ocrx_word' id='word_1_138' title='bbox 1057 2016 1157 2080; x_wconf 93' lang='lat' dir='ltr'>muni·</span> 
     </span>
     <span class='ocr_line' id='line_1_19' title="bbox 114 2119 1217 2204; baseline 0.001 -20"><span class='ocrx_word' id='word_1_139' title='bbox 114 2120 205 2203; x_wconf 90' lang='lat' dir='ltr'>cipiis</span> <span class='ocrx_word' id='word_1_140' title='bbox 228 2125 260 2182; x_wconf 93' lang='lat' dir='ltr'>et</span> <span class='ocrx_word' id='word_1_141' title='bbox 282 2119 411 2185; x_wconf 88' lang='lat' dir='ltr'>coloniis</span> <span class='ocrx_word' id='word_1_142' title='bbox 434 2126 531 2201; x_wconf 89' lang='lat' dir='ltr'>atque</span> <span class='ocrx_word' id='word_1_143' title='bbox 554 2120 648 2183; x_wconf 89' lang='lat' dir='ltr'>etiam</span> <span class='ocrx_word' id='word_1_144' title='bbox 672 2119 844 2203; x_wconf 91' lang='lat' dir='ltr'>provinciis</span> <span class='ocrx_word' id='word_1_145' title='bbox 867 2121 901 2184; x_wconf 92' lang='lat' dir='ltr'>in</span> <span class='ocrx_word' id='word_1_146' title='bbox 924 2126 1070 2186; x_wconf 90' lang='lat' dir='ltr'>senatum</span> <span class='ocrx_word' id='word_1_147' title='bbox 1094 2140 1157 2185; x_wconf 92' lang='lat' dir='ltr'>ore·</span> <span class='ocrx_word' id='word_1_148' title='bbox 1215 2197 1217 2204; x_wconf 28' lang='grc' dir='ltr'>Ι</span> 
     </span>
     <span class='ocr_line' id='line_1_20' title="bbox 114 2221 1157 2308; baseline 0.001 -20"><span class='ocrx_word' id='word_1_149' title='bbox 114 2226 170 2289; x_wconf 93' lang='lat' dir='ltr'>bro</span> <span class='ocrx_word' id='word_1_150' title='bbox 182 2222 342 2306; x_wconf 92' lang='lat' dir='ltr'>adsumpti</span> <span class='ocrx_word' id='word_1_151' title='bbox 354 2221 560 2289; x_wconf 89' lang='lat' dir='ltr'>domesticam</span> <span class='ocrx_word' id='word_1_152' title='bbox 571 2223 797 2307; x_wconf 89' lang='lat' dir='ltr'>parsimoniam</span> <span class='ocrx_word' id='word_1_153' title='bbox 809 2224 992 2308; x_wconf 89' lang='lat' dir='ltr'>intulemnt,</span> <span class='ocrx_word' id='word_1_154' title='bbox 1006 2231 1038 2289; x_wconf 90' lang='lat' dir='ltr'>et</span> <span class='ocrx_word' id='word_1_155' title='bbox 1049 2244 1157 2307; x_wconf 92' lang='lat' dir='ltr'>quam-</span> 
     </span>
     <span class='ocr_line' id='line_1_21' title="bbox 115 2327 1157 2412; baseline 0.001 -21"><span class='ocrx_word' id='word_1_156' title='bbox 115 2348 210 2409; x_wconf 90' lang='lat' dir='ltr'>quam</span> <span class='ocrx_word' id='word_1_157' title='bbox 241 2327 368 2392; x_wconf 87' lang='lat' dir='ltr'>fortuna</span> <span class='ocrx_word' id='word_1_158' title='bbox 397 2327 450 2392; x_wconf 79' lang='lat' dir='ltr'>vel</span> <span class='ocrx_word' id='word_1_159' title='bbox 471 2327 628 2392; x_wconf 90' lang='lat' dir='ltr'>industria</span> <span class='ocrx_word' id='word_1_160' title='bbox 650 2327 793 2412; x_wconf 91' lang='lat' dir='ltr'>plerique</span> <span class='ocrx_word' id='word_1_161' title='bbox 816 2329 1022 2412; x_wconf 89' lang='lat' dir='ltr'>pecuniosam</span> <span class='ocrx_word' id='word_1_162' title='bbox 1045 2327 1088 2391; x_wconf 93' lang='lat' dir='ltr'>ad</span> <span class='ocrx_word' id='word_1_163' title='bbox 1111 2348 1157 2393; x_wconf 89' lang='lat' dir='ltr'>se-</span> 
     </span>
     <span class='ocr_line' id='line_1_22' title="bbox 116 2431 1157 2516; baseline 0.001 -21"><span class='ocrx_word' id='word_1_164' title='bbox 116 2438 241 2497; x_wconf 86' lang='lat' dir='ltr'>nectam</span> <span class='ocrx_word' id='word_1_165' title='bbox 272 2431 485 2516; x_wconf 86' lang='lat' dir='ltr'>pervenirent,</span> <span class='ocrx_word' id='word_1_166' title='bbox 520 2431 636 2496; x_wconf 89' lang='lat' dir='ltr'>mansit</span> <span class='ocrx_word' id='word_1_167' title='bbox 666 2437 773 2497; x_wconf 93' lang='lat' dir='ltr'>tamen</span> <span class='ocrx_word' id='word_1_168' title='bbox 804 2433 889 2516; x_wconf 91' lang='lat' dir='ltr'>prior</span> <span class='ocrx_word' id='word_1_169' title='bbox 918 2433 1052 2496; x_wconf 88' lang='lat' dir='ltr'>animus.</span> <span class='ocrx_word' id='word_1_170' title='bbox 1100 2432 1157 2498; x_wconf 89' lang='lat' dir='ltr'>sed</span> 
     </span>
     <span class='ocr_line' id='line_1_23' title="bbox 114 2534 1157 2620; baseline -0.002 -20"><span class='ocrx_word' id='word_1_171' title='bbox 114 2536 304 2620; x_wconf 90' lang='lat' dir='ltr'>praecipuus</span> <span class='ocrx_word' id='word_1_172' title='bbox 331 2534 473 2600; x_wconf 92' lang='lat' dir='ltr'>adstricti</span> <span class='ocrx_word' id='word_1_173' title='bbox 496 2535 591 2599; x_wconf 93' lang='lat' dir='ltr'>moris</span> <span class='ocrx_word' id='word_1_174' title='bbox 613 2541 722 2600; x_wconf 89' lang='lat' dir='ltr'>auctor</span> <span class='ocrx_word' id='word_1_175' title='bbox 736 2535 953 2618; x_wconf 88' lang='lat' dir='ltr'>Vespasianus</span> <span class='ocrx_word' id='word_1_176' title='bbox 976 2535 1046 2616; x_wconf 90' lang='lat' dir='ltr'>fuit,</span> <span class='ocrx_word' id='word_1_177' title='bbox 1077 2536 1157 2600; x_wconf 91' lang='lat' dir='ltr'>anti-</span> 
     </span>
     <span class='ocr_line' id='line_1_24' title="bbox 116 2637 1157 2724; baseline 0 -20"><span class='ocrx_word' id='word_1_178' title='bbox 116 2661 177 2721; x_wconf 92' lang='lat' dir='ltr'>quo</span> <span class='ocrx_word' id='word_1_179' title='bbox 207 2641 276 2724; x_wconf 89' lang='lat' dir='ltr'>ipse</span> <span class='ocrx_word' id='word_1_180' title='bbox 304 2640 388 2704; x_wconf 89' lang='lat' dir='ltr'>cultu</span> <span class='ocrx_word' id='word_1_181' title='bbox 415 2639 575 2723; x_wconf 73' lang='lat' dir='ltr'>uictuque.</span> <span class='ocrx_word' id='word_1_182' title='bbox 614 2639 801 2722; x_wconf 91' lang='lat' dir='ltr'>obsequium</span> <span class='ocrx_word' id='word_1_183' title='bbox 823 2637 898 2703; x_wconf 92' lang='lat' dir='ltr'>inde</span> <span class='ocrx_word' id='word_1_184' title='bbox 921 2639 954 2702; x_wconf 92' lang='lat' dir='ltr'>in</span> <span class='ocrx_word' id='word_1_185' title='bbox 979 2638 1157 2723; x_wconf 92' lang='lat' dir='ltr'>principem</span> 
     </span>
     <span class='ocr_line' id='line_1_25' title="bbox 116 2741 1158 2826; baseline 0.001 -20"><span class='ocrx_word' id='word_1_186' title='bbox 116 2750 147 2807; x_wconf 86' lang='lat' dir='ltr'>et</span> <span class='ocrx_word' id='word_1_187' title='bbox 177 2742 359 2807; x_wconf 90' lang='lat' dir='ltr'>aemulandi</span> <span class='ocrx_word' id='word_1_188' title='bbox 388 2763 476 2808; x_wconf 91' lang='lat' dir='ltr'>amor</span> <span class='ocrx_word' id='word_1_189' title='bbox 505 2741 641 2807; x_wconf 88' lang='lat' dir='ltr'>validior</span> <span class='ocrx_word' id='word_1_190' title='bbox 667 2763 763 2824; x_wconf 88' lang='lat' dir='ltr'>quam</span> <span class='ocrx_word' id='word_1_191' title='bbox 786 2762 890 2826; x_wconf 88' lang='lat' dir='ltr'>poena</span> <span class='ocrx_word' id='word_1_192' title='bbox 912 2762 954 2807; x_wconf 84' lang='lat' dir='ltr'>ex</span> <span class='ocrx_word' id='word_1_193' title='bbox 976 2742 1102 2826; x_wconf 85' lang='lat' dir='ltr'>legibus</span> <span class='ocrx_word' id='word_1_194' title='bbox 1126 2749 1158 2807; x_wconf 90' lang='lat' dir='ltr'>et</span> 
     </span>
     <span class='ocr_line' id='line_1_26' title="bbox 114 2845 1155 2928; baseline 0.002 -18"><span class='ocrx_word' id='word_1_195' title='bbox 114 2853 225 2911; x_wconf 91' lang='lat' dir='ltr'>metus.</span> <span class='ocrx_word' id='word_1_196' title='bbox 258 2847 320 2911; x_wconf 93' lang='lat' dir='ltr'>nisi</span> <span class='ocrx_word' id='word_1_197' title='bbox 341 2846 423 2911; x_wconf 84' lang='lat' dir='ltr'>forte</span> <span class='ocrx_word' id='word_1_198' title='bbox 445 2848 540 2911; x_wconf 88' lang='lat' dir='ltr'>rebus</span> <span class='ocrx_word' id='word_1_199' title='bbox 563 2847 684 2911; x_wconf 91' lang='lat' dir='ltr'>cunetis</span> <span class='ocrx_word' id='word_1_200' title='bbox 707 2846 790 2911; x_wconf 90' lang='lat' dir='ltr'>inest</span> <span class='ocrx_word' id='word_1_201' title='bbox 813 2845 942 2928; x_wconf 88' lang='lat' dir='ltr'>quidam</span> <span class='ocrx_word' id='word_1_202' title='bbox 958 2846 1046 2911; x_wconf 90' lang='lat' dir='ltr'>velut</span> <span class='ocrx_word' id='word_1_203' title='bbox 1061 2847 1155 2928; x_wconf 90' lang='lat' dir='ltr'>orbis,</span> 
     </span>
     <span class='ocr_line' id='line_1_27' title="bbox 114 2948 1156 3033; baseline 0.001 -20"><span class='ocrx_word' id='word_1_204' title='bbox 114 2957 148 3013; x_wconf 92' lang='lat' dir='ltr'>ut</span> <span class='ocrx_word' id='word_1_205' title='bbox 171 2969 265 3032; x_wconf 90' lang='lat' dir='ltr'>quem</span> <span class='ocrx_word' id='word_1_206' title='bbox 288 2949 329 3013; x_wconf 90' lang='lat' dir='ltr'>ad</span> <span class='ocrx_word' id='word_1_207' title='bbox 352 2948 479 3014; x_wconf 94' lang='lat' dir='ltr'>modum</span> <span class='ocrx_word' id='word_1_208' title='bbox 502 2956 679 3033; x_wconf 91' lang='lat' dir='ltr'>temporum</span> <span class='ocrx_word' id='word_1_209' title='bbox 701 2949 797 3030; x_wconf 91' lang='lat' dir='ltr'>vices,</span> <span class='ocrx_word' id='word_1_210' title='bbox 820 2950 867 3014; x_wconf 91' lang='lat' dir='ltr'>ita</span> <span class='ocrx_word' id='word_1_211' title='bbox 888 2970 1009 3015; x_wconf 91' lang='lat' dir='ltr'>morum</span> <span class='ocrx_word' id='word_1_212' title='bbox 1033 2957 1156 3014; x_wconf 90' lang='lat' dir='ltr'>vertan-</span> 
     </span>
     <span class='ocr_line' id='line_1_28' title="bbox 114 3051 1155 3138; baseline 0.001 -20"><span class='ocrx_word' id='word_1_213' title='bbox 114 3062 178 3137; x_wconf 72' lang='lat' dir='ltr'>tur,</span> <span class='ocrx_word' id='word_1_214' title='bbox 202 3073 262 3119; x_wconf 90' lang='lat' dir='ltr'>nec</span> <span class='ocrx_word' id='word_1_215' title='bbox 284 3053 390 3118; x_wconf 93' lang='lat' dir='ltr'>omnia</span> <span class='ocrx_word' id='word_1_216' title='bbox 412 3052 497 3138; x_wconf 91' lang='lat' dir='ltr'>apud</span> <span class='ocrx_word' id='word_1_217' title='bbox 520 3051 639 3138; x_wconf 75' lang='lat' dir='ltr'>priores</span> <span class='ocrx_word' id='word_1_218' title='bbox 662 3053 802 3135; x_wconf 90' lang='lat' dir='ltr'>meliora,</span> <span class='ocrx_word' id='word_1_219' title='bbox 827 3052 884 3119; x_wconf 90' lang='lat' dir='ltr'>sed</span> <span class='ocrx_word' id='word_1_220' title='bbox 907 3061 1015 3119; x_wconf 90' lang='lat' dir='ltr'>nostra</span> <span class='ocrx_word' id='word_1_221' title='bbox 1031 3075 1155 3137; x_wconf 88' lang='lat' dir='ltr'>quoqne</span> 
     </span>
     <span class='ocr_line' id='line_1_29' title="bbox 113 3155 1155 3241; baseline 0 -19"><span class='ocrx_word' id='word_1_222' title='bbox 113 3164 202 3222; x_wconf 88' lang='lat' dir='ltr'>aetas</span> <span class='ocrx_word' id='word_1_223' title='bbox 214 3158 313 3222; x_wconf 93' lang='lat' dir='ltr'>multa</span> <span class='ocrx_word' id='word_1_224' title='bbox 325 3155 428 3222; x_wconf 90' lang='lat' dir='ltr'>laudis</span> <span class='ocrx_word' id='word_1_225' title='bbox 440 3164 472 3221; x_wconf 92' lang='lat' dir='ltr'>et</span> <span class='ocrx_word' id='word_1_226' title='bbox 487 3158 601 3221; x_wconf 87' lang='lat' dir='ltr'>artium</span> <span class='ocrx_word' id='word_1_227' title='bbox 616 3156 772 3221; x_wconf 87' lang='lat' dir='ltr'>imitanda</span> <span class='ocrx_word' id='word_1_228' title='bbox 786 3158 921 3241; x_wconf 87' lang='lat' dir='ltr'>posteris</span> <span class='ocrx_word' id='word_1_229' title='bbox 937 3158 1016 3221; x_wconf 92' lang='lat' dir='ltr'>tulit.</span> <span class='ocrx_word' id='word_1_230' title='bbox 1045 3178 1155 3222; x_wconf 84' lang='lat' dir='ltr'>verum</span> 
     </span>
     <span class='ocr_line' id='line_1_30' title="bbox 114 3260 1153 3326; baseline -0.001 -1"><span class='ocrx_word' id='word_1_231' title='bbox 114 3261 193 3326; x_wconf 90' lang='lat' dir='ltr'>haec</span> <span class='ocrx_word' id='word_1_232' title='bbox 223 3261 316 3326; x_wconf 93' lang='lat' dir='ltr'>nobis</span> <span class='ocrx_word' id='word_1_233' title='bbox 345 3261 379 3324; x_wconf 93' lang='lat' dir='ltr'>in</span> <span class='ocrx_word' id='word_1_234' title='bbox 408 3260 544 3326; x_wconf 89' lang='lat' dir='ltr'>maiores</span> <span class='ocrx_word' id='word_1_235' title='bbox 574 3263 747 3325; x_wconf 91' lang='lat' dir='ltr'>certamina</span> <span class='ocrx_word' id='word_1_236' title='bbox 774 3281 814 3325; x_wconf 86' lang='lat' dir='ltr'>ex</span> <span class='ocrx_word' id='word_1_237' title='bbox 837 3261 971 3326; x_wconf 91' lang='lat' dir='ltr'>honesto</span> <span class='ocrx_word' id='word_1_238' title='bbox 994 3266 1153 3326; x_wconf 90' lang='lat' dir='ltr'>maneant.</span> 
     </span>
    </p>

    <p class='ocr_par' dir='ltr' id='par_1_4' title="bbox 112 3359 1322 3863">
     <span class='ocr_line' id='line_1_31' title="bbox 200 3359 1308 3481; baseline -0.001 -53"><span class='ocrx_word' id='word_1_239' title='bbox 200 3365 251 3429; x_wconf 76' lang='lat'>56.</span> <span class='ocrx_word' id='word_1_240' title='bbox 275 3363 422 3429; x_wconf 86' lang='lat' dir='ltr'>Tiberius</span> <span class='ocrx_word' id='word_1_241' title='bbox 441 3363 528 3427; x_wconf 83' lang='lat' dir='ltr'>fama</span> <span class='ocrx_word' id='word_1_242' title='bbox 543 3363 768 3430; x_wconf 89' lang='lat' dir='ltr'>moderationis</span> <span class='ocrx_word' id='word_1_243' title='bbox 784 3371 884 3449; x_wconf 88' lang='lat' dir='ltr'>parta,</span> <span class='ocrx_word' id='word_1_244' title='bbox 909 3363 993 3447; x_wconf 92' lang='lat' dir='ltr'>quod</span> <span class='ocrx_word' id='word_1_245' title='bbox 1009 3366 1154 3447; x_wconf 84' lang='lat' dir='ltr'>ingruen-</span> <span class='ocrx_word' id='word_1_246' title='bbox 1202 3359 1308 3481; x_wconf 50' lang='lat' dir='ltr'>{rw</span> 
     </span>
     <span class='ocr_line' id='line_1_32' title="bbox 114 3467 1268 3552; baseline -0.001 -20"><span class='ocrx_word' id='word_1_247' title='bbox 114 3469 155 3533; x_wconf 93' lang='lat' dir='ltr'>tis</span> <span class='ocrx_word' id='word_1_248' title='bbox 185 3475 386 3533; x_wconf 86' lang='lat' dir='ltr'>accusatores</span> <span class='ocrx_word' id='word_1_249' title='bbox 415 3474 618 3552; x_wconf 87' lang='lat' dir='ltr'>represserat,</span> <span class='ocrx_word' id='word_1_250' title='bbox 649 3468 744 3532; x_wconf 93' lang='lat' dir='ltr'>mittit</span> <span class='ocrx_word' id='word_1_251' title='bbox 773 3468 895 3532; x_wconf 90' lang='lat' dir='ltr'>litteras</span> <span class='ocrx_word' id='word_1_252' title='bbox 925 3467 968 3531; x_wconf 90' lang='lat' dir='ltr'>ad</span> <span class='ocrx_word' id='word_1_253' title='bbox 998 3474 1153 3549; x_wconf 89' lang='lat' dir='ltr'>senatum,</span> <span class='ocrx_word' id='word_1_254' title='bbox 1234 3498 1268 3542; x_wconf 57' lang='grc' dir='ltr'>Μ,</span> 
     </span>
     <span class='ocr_line' id='line_1_33' title="bbox 114 3564 1322 3680; baseline -0.001 -45"><span class='ocrx_word' id='word_1_255' title='bbox 114 3573 184 3654; x_wconf 90' lang='lat' dir='ltr'>quis</span> <span class='ocrx_word' id='word_1_256' title='bbox 214 3564 404 3656; x_wconf 88' lang='lat' dir='ltr'>potestatem</span> <span class='ocrx_word' id='word_1_257' title='bbox 433 3571 634 3636; x_wconf 88' lang='lat' dir='ltr'>tribuniciam</span> <span class='ocrx_word' id='word_1_258' title='bbox 665 3572 768 3636; x_wconf 91' lang='lat' dir='ltr'>Druso</span> <span class='ocrx_word' id='word_1_259' title='bbox 799 3571 937 3655; x_wconf 90' lang='lat' dir='ltr'>petebat.</span> <span class='ocrx_word' id='word_1_260' title='bbox 977 3570 1010 3635; x_wconf 92' lang='lat' dir='ltr'>id</span> <span class='ocrx_word' id='word_1_261' title='bbox 1040 3572 1155 3635; x_wconf 93' lang='lat' dir='ltr'>summi</span> <span class='ocrx_word' id='word_1_262' title='bbox 1178 3566 1322 3680; x_wconf 54' lang='lat' dir='ltr'>‘limiti‘</span> 
     </span>
     <span class='ocr_line' id='line_1_34' title="bbox 113 3673 1296 3760; baseline 0 -21"><span class='ocrx_word' id='word_1_263' title='bbox 113 3676 234 3760; x_wconf 83' lang='lat' dir='ltr'>fastigii</span> <span class='ocrx_word' id='word_1_264' title='bbox 256 3676 444 3741; x_wconf 85' lang='lat' dir='ltr'>vocabulum</span> <span class='ocrx_word' id='word_1_265' title='bbox 459 3676 622 3758; x_wconf 86' lang='lat' dir='ltr'>Augustus</span> <span class='ocrx_word' id='word_1_266' title='bbox 644 3676 793 3760; x_wconf 91' lang='lat' dir='ltr'>repperit,</span> <span class='ocrx_word' id='word_1_267' title='bbox 816 3697 857 3740; x_wconf 95' lang='lat' dir='ltr'>ne</span> <span class='ocrx_word' id='word_1_268' title='bbox 880 3675 966 3758; x_wconf 84' lang='lat' dir='ltr'>regis</span> <span class='ocrx_word' id='word_1_269' title='bbox 988 3682 1043 3739; x_wconf 88' lang='lat' dir='ltr'>aut</span> <span class='ocrx_word' id='word_1_270' title='bbox 1058 3673 1154 3739; x_wconf 89' lang='lat' dir='ltr'>dicta·</span> <span class='ocrx_word' id='word_1_271' title='bbox 1206 3701 1242 3756; x_wconf 76' lang='lat' dir='ltr'>titt</span> <span class='ocrx_word' id='word_1_272' title='bbox 1255 3706 1296 3749; x_wconf 77' lang='lat' dir='ltr'>oa</span> 
     </span>
     <span class='ocr_line' id='line_1_35' title="bbox 112 3776 1297 3863; baseline -0.001 -19"><span class='ocrx_word' id='word_1_273' title='bbox 112 3779 188 3844; x_wconf 94' lang='lat' dir='ltr'>toris</span> <span class='ocrx_word' id='word_1_274' title='bbox 220 3798 334 3843; x_wconf 95' lang='lat' dir='ltr'>nomen</span> <span class='ocrx_word' id='word_1_275' title='bbox 367 3777 550 3844; x_wconf 88' lang='lat' dir='ltr'>adsumeret</span> <span class='ocrx_word' id='word_1_276' title='bbox 583 3798 621 3843; x_wconf 90' lang='lat' dir='ltr'>ao</span> <span class='ocrx_word' id='word_1_277' title='bbox 654 3785 762 3843; x_wconf 88' lang='lat' dir='ltr'>tamen</span> <span class='ocrx_word' id='word_1_278' title='bbox 796 3778 1010 3863; x_wconf 89' lang='lat' dir='ltr'>appellatione</span> <span class='ocrx_word' id='word_1_279' title='bbox 1046 3778 1155 3860; x_wconf 88' lang='lat' dir='ltr'>aliqua</span> <span class='ocrx_word' id='word_1_280' title='bbox 1204 3776 1297 3828; x_wconf 71' lang='lat' dir='ltr'>oratus.</span> 
     </span>
    </p>
   </div>
   <div class='ocr_carea' id='block_1_3' title="bbox 114 3879 1183 4053">
    <p class='ocr_par' dir='ltr' id='par_1_5' title="bbox 114 3879 1183 4053">
     <span class='ocr_line' id='line_1_36' title="bbox 114 3879 1183 3967; baseline -0.01 -20"><span class='ocrx_word' id='word_1_281' title='bbox 114 3889 220 3947; x_wconf 86' lang='lat' dir='ltr'>cetera</span> <span class='ocrx_word' id='word_1_282' title='bbox 249 3881 383 3966; x_wconf 89' lang='lat' dir='ltr'>imperia</span> <span class='ocrx_word' id='word_1_283' title='bbox 411 3882 633 3967; x_wconf 88' lang='lat' dir='ltr'>praemineret.</span> <span class='ocrx_word' id='word_1_284' title='bbox 671 3881 819 3948; x_wconf 85' lang='lat' dir='ltr'>Marcum</span> <span class='ocrx_word' id='word_1_285' title='bbox 842 3879 968 3946; x_wconf 73' lang='lat' dir='ltr'>deinde</span> <span class='ocrx_word' id='word_1_286' title='bbox 993 3880 1183 3960; x_wconf 50' lang='lat' dir='ltr'>salussam</span> 
     </span>
     <span class='ocr_line' id='line_1_37' title="bbox 165 3981 1095 4053; baseline 0.002 -17"><span class='ocrx_word' id='word_1_287' title='bbox 165 3991 412 4039; x_wconf 64' lang='lat' dir='ltr'>sancrosanctum.</span> <span class='ocrx_word' id='word_1_288' title='bbox 426 3994 444 4040; x_wconf 93' lang='lat' dir='ltr'>l.</span> <span class='ocrx_word' id='word_1_289' title='bbox 470 3994 649 4053; x_wconf 47' lang='lat' dir='ltr'>(titbjteutoqtu</span> <span class='ocrx_word' id='word_1_290' title='bbox 662 3995 761 4052; x_wconf 63' lang='lat' dir='ltr'>lempst</span> <span class='ocrx_word' id='word_1_291' title='bbox 1071 3981 1095 4026; x_wconf 53' lang='lat' dir='ltr'>Q</span> 
     </span>
    </p>
   </div>
   <div class='ocr_carea' id='block_1_4' title="bbox 0 0 1385 4214">
    <p class='ocr_par' dir='ltr' id='par_1_6' title="bbox 0 0 1385 4214">
     <span class='ocr_line' id='line_1_38' title="bbox 0 0 1385 4214; baseline 0 0"><span class='ocrx_word' id='word_1_292' title='bbox 0 0 1385 4214; x_wconf 95' lang='lat' dir='ltr'> </span> 
     </span>
    </p>
   </div>
  </div>
 </body>
</html>
