2760 4214
263 153 305 218 32
406 223 408 226 ,
513 170 562 226 Ab
581 185 697 225 excessu
714 172 748 226 D.
761 173 883 241 Augusti
901 173 914 226 l
933 178 1043 230 57-60.

261 347 506 431 propinquorum
522 354 553 411 et
569 346 729 411 clientium
741 368 846 412 manu.
870 349 995 413 inerant
1010 349 1147 415 feminae
1163 350 1296 433 nobiles,

261 452 344 517 inter
366 472 445 534 quas
467 473 547 517 uxor
568 451 704 516 Arminii
727 452 901 534 eademque
923 452 989 518 filia
1012 454 1162 538 Segestis,
1191 455 1293 519 marit‘

260 557 362 641 magis
396 577 491 640 quam
520 555 660 640 parentis
689 556 806 636 animo,
840 564 943 639 neque
972 557 1057 622 victa
1085 559 1119 622 in
1148 559 1297 624 lacrimas

261 681 364 743 neque
393 681 471 727 voce
502 660 646 744 supplex,
682 660 868 745 compressis
901 662 985 726 intra
1015 662 1118 726 sinum
1147 664 1296 730 manibus

260 764 427 848 gravidum
449 771 572 830 uterum
594 765 731 830 intuens.
762 765 945 830 ferebantur
967 773 998 830 et
1021 767 1121 850 spolia
1136 767 1296 833 Varianae

260 869 358 934 cladis
381 869 539 953 plerisque
562 889 669 934 eorum
693 870 834 951 quitum
857 870 890 933 in
913 869 1106 935 deditionem
1122 871 1297 936 veniebant

260 972 398 1056 praedae
413 972 502 1056 data;
518 974 610 1038 simul
626 975 774 1058 Segestes
789 974 867 1058 ipse,
883 974 997 1059 ingens
1012 975 1083 1040 visu
1099 982 1130 1039 et
1145 977 1298 1040 memoria
1324 1031 1326 1035 .

259 1077 363 1142 bonae
386 1077 545 1142 societatis
567 1077 745 1161 inpavidus.

111 1179 215 1303 ἓξὲξ
263 1238 265 1242 .
346 1181 397 1245 58.
413 1182 519 1246 Verba
542 1181 609 1247 eius
631 1182 664 1245 in
687 1181 772 1246 hunc
790 1180 919 1246 modum
934 1181 1035 1247 fuere:
1059 1175 1134 1248 ‘non
1149 1184 1201 1248 hic
1216 1185 1295 1250 mihi

211 1281 216 1290 ’
259 1284 379 1368 primus
402 1305 478 1368 erga
500 1286 649 1368 populum
664 1287 841 1349 Romanum
860 1285 935 1350 fidei
951 1292 982 1350 et
1002 1288 1198 1352 constantiae
1215 1287 1292 1354 dies,

259 1408 300 1453 ex
331 1409 392 1472 quo
422 1409 443 1452 a
472 1387 546 1453 divo
569 1390 711 1473 Augusto
742 1389 870 1454 civitate
897 1388 1033 1454 donatus
1063 1409 1143 1471 sum,
1173 1392 1294 1459 amicos

258 1492 465 1574 inimicosque
496 1513 536 1556 ex
567 1493 680 1557 vestris
713 1492 901 1557 utilitatibus
935 1492 1048 1577 delegi,
1083 1513 1187 1575 neque
1220 1494 1295 1562 odio

258 1597 379 1680 patriae
403 1596 533 1681 (quippe
555 1595 729 1679 proditores
752 1596 848 1660 etiam
870 1597 909 1661 iis
932 1617 1010 1678 quos
1032 1603 1229 1682 anteponunt
1249 1600 1296 1663 in-

257 1701 317 1764 visi
340 1699 437 1785 sunt),
460 1719 569 1765 verum
593 1699 667 1780 quia
688 1699 840 1764 Romanis
863 1699 1092 1782 Germanisque
1114 1700 1199 1765 idem
1222 1722 1293 1767 eon-

257 1803 372 1868 ducere
395 1809 426 1868 et
448 1824 559 1887 pacem
582 1823 677 1884 quam
697 1802 814 1867 bellum
833 1805 1015 1886 probabam.
1044 1824 1118 1888 ergo
1133 1811 1293 1889 raptorem

256 1908 340 1972 filiae
359 1926 462 1989 meae,
492 1906 676 1971 violatorem
699 1906 835 1971 foederis
863 1907 969 1987 vestri,
999 1907 1176 1972 Arminium
1203 1909 1290 1993 apud

256 2012 384 2092 Varum,
409 2010 548 2092 quitum
568 2011 720 2074 exercitui
734 2009 945 2095 praesidebat,
968 2031 1055 2076 reum
1072 2012 1143 2076 feci.
1175 2011 1293 2079 dilatus

256 2115 392 2199 segnitia
415 2113 514 2195 ducis,
545 2114 618 2196 quia
640 2135 752 2199 parum
774 2113 924 2199 praesidii
945 2115 979 2178 in
1001 2116 1125 2199 legibus
1148 2123 1224 2197 erat,
1256 2123 1311 2181 ut‘

255 2240 306 2284 me
330 2225 361 2283 et
376 2218 553 2282 Arminium
576 2224 608 2282 et
631 2218 771 2283 conscios
793 2218 926 2283 vinciret
948 2218 1105 2302 flagitavi:
1129 2220 1219 2285 testis
1234 2220 1290 2285 illa

254 2342 329 2403 nox,
362 2321 439 2387 mihi
468 2322 588 2386 utinam
619 2322 722 2405 potius
748 2320 933 2386 novissima!
966 2343 1046 2404 quae
1074 2329 1183 2388 secuta
1206 2330 1290 2405 sunt,

254 2426 363 2492 defleri
386 2425 488 2509 magis
511 2446 606 2508 quam
633 2424 762 2490 defendi
785 2431 924 2509 possunt.
964 2433 1102 2491 ceterum
1133 2433 1164 2492 et
1194 2427 1289 2493 inieci

254 2538 383 2596 catenas
412 2530 554 2595 Arminio
586 2537 617 2594 et
646 2551 666 2593 a
696 2531 832 2595 factione
863 2531 930 2595 eius
956 2530 1089 2596 iniectas
1119 2551 1288 2615 perpessus

223 2704 226 2710 ,
252 2655 330 2700 sum.
359 2641 454 2716 atque
477 2635 532 2700 ubi
553 2634 689 2718 primum
711 2633 756 2697 tui
780 2634 880 2718 eopia,
904 2640 1012 2699 vetera
1026 2634 1117 2699 novis
1133 2641 1165 2699 et
1181 2635 1290 2717 quieta

251 2739 385 2805 turbidis
408 2739 596 2818 antehabeo‚
620 2758 722 2820 neque
745 2738 784 2803 ob
808 2739 992 2822 praemium,
1017 2738 1073 2803 sed
1095 2746 1129 2803 ut
1149 2759 1200 2804 me
1219 2760 1289 2822 per-

251 2843 327 2907 fidia
358 2843 530 2922 exsolvam,
562 2842 654 2906 simul
683 2842 772 2925 genti
795 2841 1023 2907 Germanorum
1053 2842 1186 2908 idoneus
1217 2863 1288 2908 con-

252 2946 382 3026 ciliator,
414 2946 439 3010 si
467 2945 694 3030 paenitentiam
719 2966 814 3028 quam
836 2946 1006 3029 perniciem
1029 2946 1183 3010 maluerit.
1230 2967 1287 3031 pro

250 3051 380 3115 iuventa
406 3055 438 3114 et
461 3070 564 3114 errore
586 3049 642 3114 lilii
665 3050 791 3115 veniam
814 3071 937 3135 precor:
968 3050 1066 3115 filiam
1096 3051 1288 3116 necessitate

250 3155 311 3219 huc
333 3153 503 3218 adductam
526 3153 636 3219 fateor.
668 3160 755 3218 tuum
779 3155 838 3218 erit
860 3154 1047 3235 consultare,
1071 3160 1175 3218 utrum
1198 3175 1287 3239 prae-

250 3259 363 3337 valeat,
386 3257 471 3340 quod
494 3277 534 3322 ex
550 3258 692 3324 Arminio
716 3257 860 3341 concepit
882 3278 923 3321 an
947 3257 1031 3339 quod
1054 3278 1095 3322 ex
1111 3279 1161 3323 me
1176 3258 1288 3341 genita

249 3356 318 3428 est?
348 3361 466 3427 Caesar
488 3361 635 3426 clementi
658 3381 808 3445 responso
823 3362 930 3427 liberis
950 3361 1196 3446 propinquisque
1218 3363 1287 3426 eius

248 3466 505 3546 incolumitatem,
528 3465 589 3549 ipsi
612 3464 719 3530 sedem
741 3472 848 3531 vetere
870 3465 903 3528 in
926 3465 1089 3549 provincia
1111 3464 1284 3550 pollicetur.

248 3571 421 3636 exercitum
444 3569 569 3634 reduxit
592 3590 769 3652 nomenque
791 3569 987 3654 imperatoris
1010 3576 1135 3634 auctore
1157 3568 1286 3635 Tiberio

247 3673 378 3757 accepit.
423 3672 558 3737 Arminii
581 3693 661 3738 uxor
683 3673 782 3738 virilis
805 3693 901 3739 sexus
924 3674 1052 3757 stirpem
1073 3673 1185 3739 edidit:
1210 3671 1285 3737 edu-

247 3785 336 3843 catus
357 3778 531 3841 Ravennae
560 3798 638 3860 puer
668 3798 730 3860 quo
752 3798 826 3842 mox
849 3775 983 3842 ludibrio
1011 3776 1209 3842 conflictatus
1232 3777 1283 3858 sit,

78 3838 152 3972 ἱ
239 3881 275 3944 in
300 3888 441 3964 tempore
463 3882 655 3945 memorabo.
