2760 4214
456 215 480 250 a.
495 196 527 252 u.
540 211 563 250 c.
577 199 635 252 vva.
663 213 689 265 p.
703 196 765 250 chr.
779 199 820 254 ao.
1114 182 1153 245 91

119 368 265 435 candum.
310 362 396 433 ‘nam
430 370 457 434 si
491 371 616 453 legatus
645 369 742 436 officii
772 371 933 452 terminos,
969 372 1154 453 obsequium

100 494 194 557 -erga
215 474 438 557 imperatorem
461 474 550 538 exuit
573 474 778 557 eiusdemque
800 484 901 540 morte
924 481 956 540 et
977 475 1064 540 luctu
1083 495 1154 541 meo

116 578 252 642 laetatus
268 584 325 658 est,
349 575 445 643 odero
468 597 683 661 seponamque
705 599 726 642 a
749 578 842 645 domo
864 599 937 643 mea
959 585 990 643 et
1012 578 1154 662 privatas

116 681 297 745 inimicitias
320 701 384 745 non
406 682 440 746 vi
462 681 614 766 principis
629 682 772 747 ulciscar.
801 683 851 747 sin
866 682 991 748 facinus
1006 683 1039 747 in
1055 682 1154 747 ouius·

117 804 251 866 cumque
274 784 453 850 mortalium
475 804 554 850 nece
569 784 797 850 vindicandum
813 785 981 870 detegitur,
1004 805 1063 852 vos
1079 805 1154 851 vero

116 894 148 954 et
161 888 279 954 liberos
290 888 471 953 Germanici
488 895 518 953 et
534 909 591 954 nos
606 895 755 972 parentes
770 890 861 955 iustis
877 890 1002 955 solaciis
1017 889 1153 955 adficite.

117 992 271 1074 simulque
300 990 379 1057 illud
409 998 563 1075 reputate,
594 992 719 1057 turbide
747 1000 778 1058 et
801 993 951 1060 seditiose
973 994 1155 1058 tractaverit

117 1095 275 1161 exercitus
289 1095 373 1176 Piso,
398 1096 541 1178 quaesita
564 1096 627 1161 sint
648 1117 705 1181 per
727 1097 933 1163 ambitionem
958 1097 1063 1163 studia
1078 1097 1155 1161 mili·

117 1206 193 1281 tum,
224 1199 321 1265 armis
351 1200 486 1282 repetita
515 1201 689 1283 provincia,
715 1222 775 1308 Q
789 1200 872 1266 falsa
895 1202 974 1267 haec
996 1202 1029 1266 in
1052 1201 1154 1266 maius

116 1303 317 1387 vulgaverint
338 1309 548 1385 accusatores,
583 1324 715 1385 quorum
738 1323 799 1389 ego
822 1305 928 1369 nimiis
952 1304 1064 1369 studiis
1086 1305 1154 1368 iure

118 1427 296 1473 suscenseo.
327 1427 401 1471 nam
425 1427 487 1490 quo
510 1407 661 1492 pertinuit
683 1407 805 1473 nudare
828 1428 940 1493 corpus
963 1414 995 1473 et
1018 1414 1155 1473 contrec-

116 1510 248 1575 tandum
270 1511 359 1594 vulgi
381 1511 479 1576 oculis
501 1511 684 1595 permittere
707 1511 889 1593 differrique
912 1512 1007 1577 etiam
1030 1532 1087 1596 per
1103 1531 1155 1576 ex-

116 1621 232 1695 ternos,
256 1606 418 1696 tamquam
440 1634 566 1680 veneno
587 1614 783 1700 interceptus
806 1622 900 1697 esset,
924 1616 951 1681 si
965 1615 1087 1680 incerta
1101 1612 1155 1678 ad-

114 1718 178 1783 huc
199 1700 509 1783 ista‘et‘s'crutanda
531 1719 625 1785 sunt?
649 1718 751 1785 defleo
772 1718 919 1802 equidem
934 1719 1034 1783 filium
1049 1738 1155 1783 meum

116 1841 303 1907 semperque
326 1821 463 1907 defleb03
488 1821 544 1887 sed
566 1843 670 1904 neque
693 1842 780 1888 reum
804 1823 957 1907 prohibeo
973 1822 1156 1905 quominus

116 1932 231 1990 cuncta
259 1924 410 2009 proferat,
441 1927 557 2008 quibus
587 1927 770 1992 innocentia
801 1928 870 1992 eius
900 1926 1060 1992 sublevari
1090 1932 1154 2007 aut,

116 2030 141 2094 si
174 2050 237 2112 qua
263 2029 323 2094 suit
352 2029 492 2112 inquitas
515 2030 706 2111 Germanici,
737 2031 865 2114 coargui
895 2031 1004 2115 possit,
1035 2049 1156 2112 vosque

118 2153 172 2198 oro
209 2153 260 2215 ne,
300 2134 375 2215 quia
408 2134 507 2199 dolori
540 2155 612 2200 meo
646 2154 742 2200 causa
779 2154 902 2200 conexa
936 2141 994 2216 est,
1032 2135 1157 2201 obiecta

117 2237 249 2301 crimina
277 2258 335 2321 pro
364 2237 548 2322 adprobatis
575 2238 748 2323 accipiatis.
795 2239 822 2304 si
852 2258 931 2321 quos
961 2239 1157 2323 propinquus

118 2341 249 2425 sanguis
276 2348 331 2406 aut
353 2341 434 2407 fides
457 2362 514 2406 sua
537 2348 687 2425 patronos
710 2341 807 2424 dedit,
839 2349 992 2425 qnantum
1021 2342 1156 2424 quisque

117 2445 299 2527 eloquentia
326 2452 357 2510 et
380 2465 455 2513 cura
477 2446 573 2526 valet,
604 2445 712 2511 iuvate
734 2447 981 2531 periclitantem:
1011 2445 1053 2510 ad
1083 2465 1157 2511 eun-

117 2548 189 2613 dem
211 2549 361 2629 laborem,
385 2547 519 2614 eandem
543 2549 753 2615 constantiam
768 2556 969 2615 accusatores
983 2548 1099 2615 hortor.
1123 2549 1157 2613 id

118 2653 218 2718 solum
249 2652 439 2718 Germanico
473 2672 569 2737 super
596 2653 685 2737 leges
714 2653 974 2737 praestiterimus,
1009 2652 1094 2734 quod
1122 2653 1156 2717 in

118 2755 205 2820 curia
235 2756 339 2840 potius
370 2776 464 2838 quam
496 2757 529 2821 in
559 2755 637 2837 foro,
667 2755 754 2840 apud
781 2763 926 2821 senatum
954 2775 1048 2839 quam
1071 2755 1157 2840 apud

116 2858 238 2925 indices
265 2858 305 2924 de
332 2865 433 2925 morte
459 2859 528 2925 eins
549 2859 739 2942 anquiritur:
771 2866 876 2925 cetera
905 2860 974 2944 pari
1001 2858 1157 2924 modestia

118 2967 300 3027 tractentur.
331 2982 425 3028 nemo
439 2963 535 3028 Drusi
550 2963 706 3045 lacrimas,
729 2984 823 3029 nemo
842 2963 1033 3030 maestitiam
1053 2984 1157 3030 meam

120 3072 251 3150 spectet,
275 3085 335 3131 nec
358 3067 384 3131 si
407 3067 525 3148 quain
549 3087 608 3133 nos
630 3066 767 3133 adversa
789 3063 973 3152 finguntur?

207 3171 255 3235 13.
272 3170 366 3235 Exim
379 3160 509 3235 biduum
523 3171 706 3236 criminibus
718 3171 895 3238 obiciendis
906 3172 1052 3238 statuitur
1060 3179 1157 3254 utque
1208 3169 1299 3283 ψ’

119 3293 176 3339 sex
189 3272 310 3339 dierum
323 3274 426 3359 spatio
437 3274 602 3340 interiecto
613 3294 686 3340 reus
697 3295 756 3359 per
769 3273 908 3340 triduum
924 3274 1156 3341 defenderetur.
1175 3248 1222 3370 ,ff
1229 3248 1332 3378 2:22„

118 3383 184 3442 tum
207 3378 370 3443 Fulcinius
392 3383 502 3443 vetera
525 3384 556 3443 et
578 3378 687 3443 inania
709 3377 837 3460 orditur,
861 3378 1028 3444 ambitiose
1050 3399 1158 3444 avare·

117 3499 178 3563 que
208 3480 349 3546 habitam
372 3480 574 3565 Hispaniam3
605 3482 689 3564 quod
715 3502 820 3564 neque
847 3481 1026 3547 convictum
1053 3501 1157 3548 noxae

43 3601 46 3606 ’
116 3604 180 3666 reo,
216 3585 242 3649 si
272 3585 412 3649 recentia
440 3592 600 3669 purgaret,
635 3605 739 3668 neque
770 3584 937 3651 defensum
966 3585 1158 3652 absolutioni

118 3695 196 3770 erat,
220 3689 246 3754 si
269 3693 428 3753 teneretur
447 3688 619 3753 maioribus
635 3688 773 3772 flagitiis.
804 3695 876 3773 post
892 3708 985 3771 quem
1001 3689 1159 3755 Servaeus

121 3799 152 3857 et
168 3792 326 3857 Veranius
356 3799 388 3857 et
403 3792 548 3858 Vitellius
579 3793 734 3858 consimili
764 3791 878 3873 studio,
910 3800 942 3858 et
970 3793 1070 3857 multa
1100 3793 1160 3859 elo

121 3896 411 3978 quentiaVitcllius,
424 3896 569 3961 obiecere
577 3896 650 3963 odio
658 3896 1177 3964 Germanicietrernmnovannm
