2760 4214
426 241 427 244 Ἴ
507 158 577 214 aU.
592 173 615 212 c.
629 161 687 214 767.
717 175 743 226 p.
757 157 819 213 Chr.
834 160 874 214 14.
942 172 945 181 ·
1167 143 1207 207 13

167 341 202 398 ut
223 324 307 399 filius
328 334 436 399 Blaesi
458 332 603 399 tribunus
625 333 784 417 legatione
807 353 846 399 ea
868 332 1053 417 fungeretur
1076 340 1208 418 peteret·

131 475 133 479 ν
168 458 230 520 que
252 438 405 504 militibus
427 437 611 503 missionem
633 439 674 502 ab
697 436 837 503 sedecim
859 438 966 502 annis:
995 445 1101 503 cetera
1123 459 1208 502 man·

168 541 306 623 daturos,
329 541 385 607 ubi
407 541 510 625 prima
535 542 765 629 provenissent.
804 541 946 625 profecto
973 541 1088 606 iuvene
1111 540 1208 607 modi·

169 667 241 711 cum
260 647 372 730 otium;
396 644 454 711 sed
473 645 636 729 superbire
658 646 757 728 miles,
783 645 866 729 quod
885 645 969 711 filins
988 647 1086 729 legati
1105 653 1210 711 orator
1288 688 1291 694 -

168 750 315 835 publicae
331 751 538 815 cansae'satis
553 749 735 814 ostenderet
753 750 944 816 necessitate
960 769 1113 834 expressa
1127 769 1209 832 quae

168 875 225 938 per
247 853 435 920 modestiam
457 875 522 919 non
545 853 764 918 obtinuissent.

273 958 324 1024 20.
347 959 476 1042 Interea
498 958 652 1042 manipuli
671 965 746 1023 ante
762 965 907 1042 coeptam
922 958 1110 1024 seditionem
1125 959 1209 1023 Nau-

168 1068 292 1147 portum
307 1063 397 1128 missi
411 1063 452 1128 ob
472 1061 587 1126 itinera
602 1068 766 1145 et'pontes
782 1068 814 1126 et
833 1061 912 1127 alios
932 1082 1018 1143 usus,
1041 1069 1209 1146 postquam
1287 1133 1290 1142 ,

167 1167 328 1231 turbatum
349 1166 383 1230 in
403 1166 514 1231 castris
536 1183 698 1249 accepere,
721 1166 842 1231 vexilla
861 1165 1045 1231 convellunt
1067 1166 1209 1251 direptis·

169 1291 230 1352 que
263 1269 417 1354 proximis
446 1269 527 1334 vicis
560 1268 693 1353 ipsoque
722 1270 895 1353 Nauporto,
931 1268 1015 1351 quod
1045 1270 1208 1354 municipii

168 1375 269 1440 instar
290 1379 367 1454 erat,
395 1373 563 1437 retinentis
591 1372 790 1438 centuriones
817 1373 916 1438 inrisu
943 1379 975 1438 et
1001 1374 1208 1455 contumeliis,

169 1484 328 1562 postremo
343 1477 529 1543 verberibus
545 1477 750 1558 insectantur,
771 1478 943 1562 praecipua
957 1478 991 1541 in
1005 1477 1209 1543 Aufidienum

95 1649 98 1659 ,
169 1582 287 1647 Rufum
313 1581 509 1666 praefectum
534 1587 708 1646 castrorum
734 1581 791 1663 ira,
819 1601 913 1664 quem
937 1581 1101 1666 dereptum
1124 1582 1210 1646 vehi-

168 1688 238 1752 culo
268 1686 400 1751 sarcinis
429 1691 566 1770 gravant
595 1692 759 1769 aguntque
789 1686 891 1770 primo
920 1686 954 1750 in
984 1686 1121 1770 agmine,
1152 1707 1210 1771 per

167 1790 338 1856 ludibrium
359 1790 535 1873 rogitantes
557 1811 599 1854 an
621 1796 687 1854 tam
714 1789 870 1855 immensa
892 1810 997 1871 onera,
1025 1796 1091 1855 tam
1114 1791 1210 1874 longa

167 1893 284 1959 itinera
312 1894 447 1960 libenter
477 1893 583 1958 ferret.
630 1893 748 1977 quippe
775 1893 878 1959 Rufus
908 1893 963 1958 diu
993 1894 1208 1979 manipularis,

96 1982 101 1989 ⁴
169 1997 243 2063 dein
267 1998 416 2079 centurio,
444 2018 520 2062 mox
544 1997 656 2062 castris
682 1997 872 2081 praefectus,
900 1998 1063 2080 antiquam
1087 1998 1210 2062 duram-

170 2122 231 2186 que
253 2102 399 2167 militiam
421 2102 601 2183 revocabat,
621 2108 713 2167 vetus
728 2102 833 2187 operis
855 2123 894 2167 ac
915 2103 1033 2168 laboris
1056 2109 1087 2168 et
1106 2123 1143 2168 eo
1166 2103 1210 2167 in·

168 2206 282 2287 mitior,
306 2206 381 2288 quia
403 2206 602 2271 toleraverat.

273 2309 325 2374 21.
349 2310 468 2374 Horum
495 2309 638 2375 adventu
664 2308 897 2392 redintegratur
924 2309 1047 2391 seditio,
1076 2316 1107 2374 et
1134 2311 1210 2394 vagi

170 2414 370 2479 circumiecta
385 2414 627 2498 populabantur.
643 2415 776 2479 Blaesus
791 2434 920 2498 pauom,
937 2415 1076 2480 maxime
1091 2414 1211 2498 praeda

169 2524 299 2583 onustos
322 2517 366 2582 ad
391 2524 542 2583 terrorem
566 2524 738 2583 ceterorum
765 2516 860 2583 adfici
882 2518 1077 2599 verberibus
1106 2518 1209 2583 claudi

170 2641 296 2687 carcere
318 2621 420 2705 iubet3
444 2642 519 2686 nam
542 2622 636 2686 etiam
659 2627 726 2685 tum
749 2621 854 2704 legato
877 2641 897 2685 a
920 2622 1156 2686 centurionibus
1179 2628 1210 2687 et

170 2727 289 2810 optimo
316 2745 442 2808 quoque
469 2726 710 2809 manipularium
738 2726 917 2809 parebatur.
955 2726 1000 2789 illi
1024 2725 1124 2791 obniti
1151 2732 1210 2790 tra-

169 2829 330 2911 hentibus,
363 2850 514 2915 prensare
548 2829 818 2895 circumstantium
850 2848 965 2912 genua,
1001 2830 1083 2895 ciere
1117 2830 1210 2895 modo

170 2934 300 2999 nomina
319 2934 523 3018 singulorum,
546 2932 639 2998 modo
660 2933 834 2998 centuriam
850 2934 984 3016 quisque
1004 2934 1093 3000 cuius
1112 2935 1210 2998 mani·

170 3037 289 3122 pularis
312 3045 388 3118 erat,
417 3037 587 3119 cohortem,
615 3038 783 3122 legionem,
812 3036 925 3102 eadem
952 3038 1098 3103 omnibus
1120 3039 1210 3102 inmi-

171 3161 247 3207 nere
277 3141 485 3207 clamitantes.
533 3142 625 3206 simul
659 3142 775 3225 probra
804 3141 837 3205 in
867 3142 1008 3224 legatum
1039 3142 1209 3223 cumulant,

171 3246 293 3310 caelum
324 3266 363 3311 ac
392 3245 469 3311 deos
499 3246 706 3327 obtestantur,
740 3245 820 3309 nihil
849 3245 963 3328 reliqui
997 3246 1118 3310 faciunt
1149 3267 1210 3329 quo

171 3351 276 3415 minus
302 3349 456 3415 invidiam
483 3350 729 3415 misericordiam
757 3355 876 3414 metum
904 3357 936 3414 et
961 3351 1024 3415 iras
1050 3370 1211 3434 permove-

171 3460 251 3520 rent.
296 3453 472 3519 adcurritur
502 3454 543 3519 ab
575 3454 741 3534 universis,
776 3459 807 3518 et
838 3473 963 3518 carcere
994 3454 1123 3519 effracto
1153 3455 1211 3519 sol-

171 3563 251 3622 vrmt
273 3557 399 3623 vincula
422 3557 661 3640 desertoresque
683 3578 722 3622 ac
748 3577 852 3622 rerum
879 3557 1061 3641 capitalium
1084 3556 1211 3622 damna-

171 3667 220 3727 tos
243 3660 304 3726 sibi
325 3661 388 3725 iam
411 3661 554 3726 miscent.

277 3763 328 3828 22.
352 3765 552 3848 Flagrantior
572 3764 646 3830 inde
667 3765 725 3846 vie,
748 3766 855 3848 plures
874 3762 1022 3829 seditioni
1041 3762 1150 3828 duces.
1180 3770 1216 3827 et
1242 3772 1371 3814 siluisses

172 3867 347 3935 Vibulenus
369 3868 497 3952 quidam
524 3869 692 3958 gregarius
717 3869 825 3959 miles,
851 3876 932 3937 ante
956 3867 1110 3935 tribunal
1119 3861 1249 3928 usses
