2760 4214
503 217 528 254 a.
542 201 574 255 U.
587 216 610 255 c.
625 203 684 258 782.
710 217 736 269 p.
749 199 811 254 Chr.
825 201 867 255 29.
1142 181 1204 246 165

165 375 305 442 audebat
338 374 518 439 auctoritati
551 374 692 458 parentis
725 374 842 438 antire:
876 379 951 438 tunc
985 374 1072 438 velut
1106 372 1205 438 frenis

165 480 302 546 exsoluti
314 484 533 563 proruperunt,
545 479 727 559 missaeque
738 478 772 541 in
780 477 991 561 Agrippinam
999 496 1037 541 ac
1045 478 1203 541 Neronem
1216 525 1220 530 .

165 584 298 663 litterae,
333 602 415 665 quas
445 581 567 666 pridem
597 582 711 646 allatas
741 589 773 646 et
803 581 958 646 cohibitas
987 582 1029 645 ab
1059 580 1204 663 Augusta

166 686 300 752 credidit
330 686 459 769 uulgus:
490 684 577 749 haud
608 684 693 749 enim
723 685 856 749 multum
883 689 955 768 post
981 689 1114 748 mortem
1137 683 1205 748 eius

165 791 317 856 recitatae
348 794 430 854 sunt.
468 790 569 854 uerba
597 788 723 853 inerant
755 788 899 870 quaesita
928 787 1114 872 asperitatc;
1148 786 1205 852 sed

165 915 229 960 nou
251 914 350 974 arma,
375 913 438 958 non
454 913 558 958 rerum
574 912 725 957 novarum
742 891 892 972 studium,
915 911 1040 957 amores
1054 892 1204 957 iuvenum

166 1004 198 1063 et
220 997 440 1082 inpudicitiam
462 997 571 1081 nepoti
593 997 783 1061 oblectabat.
829 995 862 1060 in
885 1016 998 1061 nurum
1021 1016 1062 1061 ne
1085 995 1118 1060 id
1141 996 1205 1077 qui-

166 1102 238 1167 dem
262 1101 443 1185 confingere
465 1121 571 1181 ausus,
604 1099 824 1184 adrogantiam
847 1101 910 1165 oris
934 1107 965 1164 et
988 1107 1205 1165 contumacem

166 1206 307 1270 animum
340 1205 509 1286 incusavit,
544 1224 661 1288 magno
692 1211 821 1270 senatus
851 1225 969 1288 parcre
998 1224 1037 1268 ac
1070 1203 1205 1286 silentio,

168 1309 270 1375 donec
302 1309 406 1394 pauci,
441 1309 512 1391 quis
546 1309 633 1372 nulla
664 1328 703 1373 ex
734 1307 867 1373 honesto
898 1327 972 1391 spes
1003 1306 1048 1392 (ct
1077 1307 1206 1392 publica

167 1414 252 1477 mala
274 1413 407 1496 singulis
429 1413 463 1475 in
486 1411 685 1478 occasionem
707 1411 829 1494 gratiae
852 1408 1040 1494 trahuntur),
1063 1417 1098 1474 ut
1113 1410 1206 1475 reser-

167 1522 254 1580 rctur
289 1516 499 1599 postulavere,
538 1515 772 1599 promptissimo
806 1514 899 1579 Cotta
931 1513 1101 1578 Messalino
1135 1533 1207 1578 cum

167 1621 265 1685 atroci
288 1620 455 1685 sententia.
504 1618 561 1684 sed
589 1619 661 1683 aliis
690 1639 711 1683 a
740 1619 931 1703 primoribus
957 1617 1161 1699 maximeque
1186 1638 1207 1681 a

168 1724 405 1808 magistratibus
428 1723 660 1808 trepidabatur:
692 1724 809 1806 quippe
830 1721 977 1787 liberius
1000 1722 1060 1786 etsi
1082 1720 1207 1787 infense

168 1827 313 1893 invectus
336 1834 441 1893 cetera
463 1827 614 1911 ambigua
636 1826 814 1909 reliquerat.

253 1932 284 1995 4.
308 1931 382 1996 Fuit
404 1932 437 1995 in
461 1939 573 1996 senatu
595 1931 706 1995 Iunius
728 1930 887 2012 Rusticus,
916 1928 1132 2014 conponendis
1154 1950 1207 2014 pa-
1224 1922 1367 2045 nffiffi

169 2042 251 2100 trum
281 2037 360 2101 actis
388 2036 528 2101 delectus
550 2056 570 2100 a
594 2036 740 2115 Caesare,
772 2055 872 2118 coque
894 2034 1117 2099 meditationes
1140 2035 1208 2100 eius
1260 2061 1344 2114 unua

168 2140 371 2222 introspicere
394 2139 541 2206 creditus.
565 2139 592 2204 is
615 2139 704 2204 fatali
726 2139 864 2221 quodam
887 2145 973 2205 motu
991 2139 1208 2225 (nequeenim

170 2250 245 2309 ante
269 2243 429 2329 specimen
453 2243 649 2309 constantiae
673 2241 818 2328 dederat)
849 2263 905 2308 scu
935 2263 1036 2328 prava
1058 2242 1207 2324 sollertia,

169 2346 245 2411 dum
268 2347 498 2412 imminentium
519 2347 634 2412 oblitus
649 2347 771 2411 incerta
786 2353 892 2431 pavet,
916 2347 1055 2412 inserere
1071 2366 1105 2411 se
1120 2345 1208 2411 dubi·

170 2451 311 2516 tantibus
332 2471 371 2514 ac
394 2470 522 2516 monere
545 2452 700 2532 consuleS,
731 2471 772 2515 nc
803 2451 987 2515 relationem
1017 2451 1207 2535 inciperent;

170 2554 409 2637 disserebatque
443 2554 593 2619 brevibus
627 2555 795 2621 momentis
829 2574 952 2619 summa
985 2554 1079 2618 verti:
1113 2573 1207 2637 posse

171 2658 361 2741 quandoque
391 2658 504 2724 domus
526 2658 707 2724 Germanici
735 2658 867 2722 exitium
889 2656 1106 2741 paenitentiae
1138 2676 1208 2722 csse

173 2763 250 2827 seni.
279 2762 372 2827 simul
387 2764 523 2847 populus
539 2761 663 2846 effigies
677 2761 874 2845 Agrippinae
889 2781 928 2825 ac
942 2761 1079 2826 Neronis
1093 2780 1208 2844 gerens

169 2865 371 2931 circumsistit
386 2867 504 2931 curiam
517 2866 692 2948 faustisque
707 2866 742 2929 in
754 2865 923 2931 Gaesarem
938 2864 1095 2930 ominibus
1110 2864 1209 2930 falsas

172 2969 294 3035 litteras
324 2977 356 3036 et
384 2970 528 3054 principe
558 2970 657 3034 invito
688 2969 820 3035 exitium
850 2968 958 3035 domui
989 2969 1056 3034 cius
1086 2967 1209 3033 intendi

171 3073 320 3138 clamitat.
366 3073 411 3138 ita
438 3072 517 3137 nihil
544 3073 632 3138 triste
660 3073 713 3137 illo
736 3072 788 3137 die
810 3079 979 3157 patratum.
1025 3072 1209 3137 ferebantur

171 3177 267 3241 etiam
291 3178 348 3242 sub
371 3176 552 3241 nominibus
576 3175 786 3242 consularium
808 3175 902 3240 fictae
924 3175 958 3240 in
973 3175 1124 3241 Seianum
1140 3194 1208 3241 sen-

169 3281 299 3362 tcntiae,
329 3281 552 3346 exercentibus
586 3280 743 3364 plerisque
774 3299 831 3363 per
860 3280 1018 3345 occultum
1047 3285 1142 3361 atque
1170 3299 1207 3343 co

170 3385 334 3470 procacius
357 3384 521 3449 libidinem
548 3383 756 3467 ingeniorum.
794 3381 880 3446 unde
907 3382 951 3446 illi
974 3382 1022 3446 ira
1044 3381 1209 3447 violentior

172 3495 204 3554 et
234 3489 382 3553 materies
413 3487 615 3553 criminandi:
647 3493 785 3570 spretum
816 3485 956 3552 dolorem
986 3484 1138 3569 principis
1166 3486 1207 3550 ab

171 3600 293 3673 senatu,
325 3591 498 3673 descivisse
524 3591 689 3674 populum3
726 3589 829 3654 audiri
859 3590 924 3653 iam
954 3596 986 3653 et
1014 3587 1079 3672 legi
1108 3607 1209 3652 novas

174 3697 346 3777 contiones,
370 3716 454 3761 nova
476 3701 601 3779 patrum
624 3695 781 3760 consulta:
815 3693 891 3775 quid
913 3693 1068 3775 reliquum
1090 3691 1152 3756 nisi
1174 3698 1209 3756 ut

170 3807 320 3884 caperent
342 3800 460 3865 ferrum
483 3805 524 3880 et,
548 3818 679 3881 quorum
701 3798 859 3882 imagines
880 3817 937 3881 pro
960 3796 1087 3862 vexillis
1108 3794 1208 3860 secuti

173 3903 286 3985 forent,
310 3902 407 3969 duces
429 3903 700 3988 imperatoresque
722 3901 920 3988 deligerent?
