2760 4214
416 157 625 225 accisus
652 156 837 226 nemaeus
1086 141 1148 205 185

197 330 249 394 31.
275 331 309 395 C.
335 331 441 397 Cestio
468 331 509 395 M.
534 331 667 396 Servilio
691 332 871 396 consulibus
894 332 1016 396 nobiles
1038 331 1148 395 Parthi
1174 334 1316 387 occsurum

108 433 144 498 in
166 434 278 497 urbem
300 454 427 515 venere,
458 433 569 517 ignaro
599 454 676 517 rege
698 435 870 499 Artabano.
914 434 942 499 is
964 440 1051 498 metu
1075 434 1149 498 Ger·
1167 405 1322 525 ,ffissflssig

109 537 228 603 manici
256 536 340 602 fidus
362 538 524 618 Romanis,
556 538 731 619 aequabilis
761 538 795 601 in
825 557 908 619 succ,
938 558 1013 602 mox
1044 557 1149 621 super·
1175 539 1308 594 ,umacus

109 640 196 706 biam
219 640 253 704 in
276 661 343 721 nos,
367 640 534 706 saevitiam
556 641 590 705 in
613 642 781 725 populares
804 640 947 725 sumpsit,
971 641 1070 706 fretus
1085 640 1149 706 hel·
1179 620 1313 724 ,mam

109 744 158 825 lis,
189 765 271 827 quae
298 744 439 809 secunda
460 743 631 809 adversum
655 745 870 809 circumiectas
893 745 1148 835 nationesflexer-
1206 749 1280 794 &stlt-

108 854 227 928 cuerat,
266 854 298 913 et
335 853 529 913 senectutem
562 847 682 913 Tiberii
715 854 750 912 ut
783 848 936 913 inermem
969 847 1149 931 despiciens

106 951 287 1034 avidusque
309 953 490 1032 Armeniae,
515 951 565 1016 cui
588 951 738 1016 defuncto
761 973 835 1035 rege
859 952 992 1016 Artaxia
1007 952 1149 1017 Arsacen

110 1055 279 1121 liberorum
300 1075 427 1120 suorum
443 1056 646 1120 veterrimum
662 1055 810 1138 inposuit,
833 1055 944 1119 addita
959 1055 1150 1120 contumelia

112 1164 143 1223 et
164 1159 279 1240 missiS,
304 1160 357 1241 qui
379 1180 493 1243 gazam
515 1160 681 1225 aVonnne
704 1160 847 1224 relictam
869 1159 902 1223 in
919 1158 1011 1224 Suria
1028 1158 1149 1223 Cilicia·

109 1283 173 1344 que
195 1269 409 1347 reposcerent;
434 1263 526 1327 simul
548 1269 672 1328 veteres
688 1263 855 1327 Persarum
878 1282 917 1326 ac
939 1261 1148 1327 Macedonum
1208 1294 1215 1307 «

111 1366 271 1447 terminos
301 1386 399 1448 seque
429 1367 613 1431 invasurum
643 1386 791 1451 possessa
815 1366 898 1448 Oyro
926 1372 958 1430 et
985 1371 1056 1449 post
1078 1365 1149 1429 Alc·

111 1468 234 1534 xandro
250 1491 307 1553 per
321 1469 590 1551 vaniloquentiam
606 1489 644 1534 ac
660 1470 762 1534 minas
779 1469 925 1534 iaciebat.
949 1468 1006 1534 sed
1022 1468 1148 1533 Parthis

111 1571 256 1637 mittendi
269 1580 406 1638 secretos
419 1574 546 1638 nuntios
558 1572 772 1637 validissimus
783 1579 894 1637 auctor
907 1572 968 1636 fuit
983 1572 1147 1652 Sinnaces,

108 1675 227 1759 insigni
249 1676 370 1741 familia
392 1697 430 1741 ac
453 1676 584 1760 perinde
608 1676 730 1761 opibus,
755 1682 786 1740 et
808 1678 971 1760 proximus
993 1676 1068 1740 huic
1087 1676 1148 1741 Ab·

109 1779 168 1846 dus
190 1779 359 1864 ademptae
381 1780 549 1845 virilitatis
595 1800 659 1845 non
690 1779 875 1864 despectum
901 1781 935 1844 id
964 1779 1050 1864 apud
1080 1781 1148 1845 bar-

109 1883 202 1948 haros
224 1884 367 1965 ultroque
390 1885 564 1968 potentiam
587 1883 692 1949 habet.
731 1884 754 1948 ii
784 1883 914 1950 adscitis
942 1890 973 1949 et
996 1884 1066 1949 aliis
1089 1885 1148 1968 pri-

109 1986 258 2068 moribus,
283 1988 357 2069 quia
379 1987 539 2053 neminem
561 1987 666 2070 gentis
690 1987 913 2052 Arsacidarum
937 2007 1079 2053 summae
1101 1987 1147 2053 rei

109 2089 262 2174 inponere
284 2096 440 2174 poterant,
464 2090 640 2157 interfectis
662 2091 703 2154 ab
727 2091 889 2155 Artabano
912 2091 1070 2175 plerisque
1093 2099 1148 2156 aut

110 2193 251 2258 nondum
280 2193 407 2275 adultis,
438 2193 597 2282 Phraaten
628 2195 712 2277 regis
735 2193 881 2259 Phraatis
915 2194 1014 2260 filium
1047 2197 1148 2260 Roma

109 2297 297 2381 poscebant:
321 2297 449 2363 nomine
472 2303 595 2362 tantum
619 2304 650 2362 et
671 2304 799 2362 auctore
822 2318 911 2381 opus,
935 2305 1048 2383 sponte
1072 2299 1147 2365 an-

111 2401 191 2467 saris
213 2408 248 2466 ut
269 2422 371 2485 genus
393 2402 522 2467 Arsacis
544 2403 647 2486 ripam
666 2401 754 2486 apud
769 2401 940 2486 Euphratis
957 2410 1145 2469 cerneretur.

196 2506 248 2571 32.
273 2507 419 2590 Cupitum
442 2505 476 2570 id
498 2506 639 2572 Tiberio:
663 2512 754 2570 ornat
768 2506 927 2570 Phraaten
947 2507 1147 2590 accingitque
1185 2577 1190 2606 ἦ
1213 2507 1268 2558 unu
1294 2575 1301 2597 ‚

109 2617 277 2695 paternum
306 2611 348 2675 ad
378 2610 551 2693 fastigium,
583 2610 742 2675 destinata
770 2610 921 2690 retinens,
955 2609 1092 2674 consiliis
1116 2616 1147 2673 et
1188 2575 1293 2689 ”3⁸:³⁶

109 2720 253 2780 astures
277 2721 425 2780 externas
455 2715 566 2797 moliri,
596 2735 685 2779 arma
714 2713 823 2798 procul
852 2712 979 2778 habere.
1025 2714 1148 2777 interea
1208 2712 1278 2792 &llll

110 2819 245 2903 cognitis
267 2819 391 2884 insidiis
414 2819 595 2883 Artabanus
618 2817 735 2882 tardari
757 2824 854 2899 metu,
881 2816 975 2883 modo
999 2817 1147 2901 cupidine
1187 2783 1300 2896 ῗπζῗῖω

110 2922 271 2988 vindictae
292 2922 502 2988 inardescere.
527 2930 558 2988 et
580 2922 724 2987 barbaris
747 2922 906 2986 cunctatio
929 2922 1062 3003 servilis,
1087 2926 1148 2987 sta·
1183 2921 1307 3033 scripsit·

110 3024 167 3089 tim
201 3026 334 3108 exsequi
363 3026 486 3110 regium
517 3025 655 3091 videtur:
686 3025 787 3089 valuit
816 3031 922 3090 tamen
953 3025 1082 3106 utilitas
1112 3031 1148 3091 ut
1179 2990 1309 3105 fimitis,

109 3128 236 3194 Abdum
259 3129 366 3213 specie
387 3129 546 3194 amicitiae
569 3135 715 3194 vocatum
735 3128 777 3193 ad
793 3130 903 3212 epulas
921 3129 1007 3195 lento
1023 3149 1147 3194 veneno

110 3231 267 3316 inligaret,
298 3233 458 3298 Sinnacen
487 3231 739 3298 dissimulatione
769 3253 808 3297 ac
835 3231 937 3314 donis,
969 3233 1062 3298 simul
1092 3252 1148 3316 per

110 3337 239 3420 negotia
261 3342 443 3402 moraretur.
467 3342 500 3401 et
522 3335 675 3400 Phraates
698 3335 784 3420 apud
800 3337 925 3402 Suriam
941 3334 1016 3399 dum
1032 3335 1148 3400 omisso

111 3439 196 3505 cultu
217 3441 371 3521 Romano,
403 3440 453 3504 cui
483 3460 540 3523 per
569 3446 615 3504 tot
646 3460 748 3505 anuos
778 3440 970 3522 insueverat,
1003 3438 1149 3503 instituta

110 3543 297 3608 Parthorum
313 3544 417 3624 sumit,
441 3543 551 3627 patriis
566 3545 706 3609 moribus
721 3543 824 3627 impar
838 3543 946 3607 morbo
962 3542 1148 3626 absumptus

111 3652 167 3712 est.
184 3645 321 3713 sednon
336 3647 481 3712 Tiberius
504 3647 610 3711 omisit
631 3648 772 3730 incepta:
795 3645 968 3710 Tiridatem
984 3645 1148 3728 sanguinis

111 3749 253 3816 eiusdem
280 3752 438 3816 aemulum
461 3751 633 3831 Artabano,
665 3749 955 3834 reciperandaeque
977 3748 1148 3813 Armeniae

110 3853 264 3920 Hiberum
272 3854 476 3920 Mithridaten
489 3853 600 3938 deligit
612 3854 820 3936 conciliatque
832 3853 921 3917 fratri
930 3853 1157 3931 Pharasmani,
