2760 4214
170 192 214 255 44
412 209 961 280 AbexeessuD.Augusti179-11a

170 382 278 464 valuit,
309 389 344 447 ut
372 383 406 447 in
438 384 628 449 sententiam
651 385 708 450 On.
732 385 856 450 Pisonis
886 384 1119 467 concederetur,
1151 383 1205 466 qui

170 487 214 551 nil
237 494 304 551 mut
291 486 422 552 tandum
446 495 620 552 censuerat.

4 587 145 702 5⁶ffl³b³¹¹¹¹¹¹fl
257 591 307 655 80.
336 592 526 676 Prorogatur
556 593 704 677 Poppaeo
735 593 853 660 sabino
883 592 1048 677 provincia
1076 591 1204 672 Moesia,

8 727 138 781 smmum
170 695 268 760 addit
247 703 287 761 trs
309 695 431 761 Achaia
453 717 491 761 ac
512 696 708 762 Macedonia
746 698 780 763 id
803 717 927 781 quoque
950 717 1071 762 morum
1086 696 1203 762 Tiberii

169 800 239 881 fuit,
217 806 342 865 ttcon
343 801 453 865 inuare
475 801 609 885 imperia
630 823 669 866 ac
691 802 857 886 plerosque
880 800 921 865 ad
945 801 1042 866 finem
1064 800 1180 865 vitae
1172 821 1206 864 m

169 902 270 968 isdem
305 904 495 970 exercitibus
528 913 582 970 aut
615 906 883 971 iurisdictionibus
916 905 1042 971 habere.
1090 923 1205 969 causae

169 1007 276 1072 variae
303 1007 503 1072 tranduntur:
534 1010 588 1074 alii
611 1009 716 1074 taedio
739 1030 842 1076 novae
865 1030 958 1075 curae
975 1010 1074 1074 semel
1089 1008 1205 1092 placita

169 1131 225 1194 pro
240 1112 376 1177 aeternis
392 1113 578 1195 servavisse
602 1114 754 1196 quidam
745 1135 800 1179 rm
801 1113 876 1195 rdra
893 1135 934 1179 ne
946 1115 1052 1198 plures
1068 1112 1205 1176 frueren

170 1221 233 1298 tur,
257 1223 329 1280 sunt
352 1216 406 1299 qui
429 1218 511 1282 exist
513 1218 620 1299 imant,
644 1217 849 1283 uteallidum
873 1218 941 1282 eius
963 1217 1136 1301 ingenium,
1160 1216 1206 1280 ita

169 1319 300 1383 anxium
329 1319 488 1385 iudicium.
528 1323 738 1404 nequeenim
762 1319 930 1387 eminentis
953 1321 1085 1386 uirtutes
1109 1327 1205 1386 secta-

169 1422 271 1504 batur,
296 1430 326 1488 et
348 1445 470 1489 rursum
493 1426 571 1490 vitia
593 1424 716 1510 oderat,
741 1446 782 1490 ex
802 1426 930 1510 optimis
945 1425 1118 1509 periculum
1134 1423 1204 1503 sibi,

168 1547 188 1590 a
211 1527 356 1611 pessimis
379 1527 517 1594 dedecus
539 1530 699 1612 publicum
722 1537 786 1595 met
774 1531 893 1595 ttueba
871 1536 980 1612 tqua
995 1528 1098 1593 haesit
1086 1528 1204 1592 attione

169 1638 240 1714 post
240 1652 326 1697 remo
361 1652 398 1697 eo
431 1640 598 1716 provectus
629 1640 686 1715 est,
721 1632 984 1698 utmandaverit
971 1629 1204 1714 tquibusdam

169 1735 357 1818 provincias,
382 1755 459 1817 quos
482 1736 589 1820 egredi
612 1739 690 1802 urbe
713 1758 775 1801 non
799 1743 866 1802 erat
888 1756 1046 1821 passurus

256 1839 306 1903 81.
330 1840 379 1904 De
403 1840 536 1906 comitiis
559 1842 786 1922 consularibus,
810 1847 978 1923 quactum
999 1839 1204 1924 primumillo

115 1935 121 1949 ’
168 1941 311 2025 principe
333 1962 370 2006 ac
393 1942 543 2028 deinceps
566 1944 663 2026 fuere,
687 1946 743 2009 vix
759 1945 926 2027 quicquam
945 1943 1071 2007 firmare
1086 1942 1202 2007 ausim:

168 2043 249 2110 adeo
279 2044 404 2111 diversa
433 2067 497 2111 non
527 2047 620 2113 modo
649 2048 735 2133 apud
763 2055 917 2129 auctores,
953 2046 1012 2112 sed
1041 2047 1074 2110 in
1104 2047 1203 2130 ipsius

169 2148 364 2214 orationibus
393 2151 599 2234 reperiuntur.
638 2150 731 2216 modo
762 2152 930 2217 subtractis
964 2149 1202 2215 candidatorum

168 2252 348 2318 nominibus
375 2253 528 2337 originem
552 2253 703 2336 cuiusque
726 2262 757 2320 et
780 2255 878 2319 vitam
901 2261 932 2319 et
962 2252 1121 2338 stipendia
1151 2251 1202 2316 de·

96 2342 98 2349 ¹
168 2357 301 2440 scripsit,
324 2363 358 2421 ut
374 2357 427 2438 qui
442 2357 545 2422 forent
566 2358 813 2442 intellegeretur,
836 2356 1006 2440 aliquando
1022 2377 1062 2422 ea
1077 2375 1201 2438 quoque

168 2459 398 2544 significatione
428 2462 589 2526 subtracta
619 2461 804 2527 candidatos
834 2461 986 2542 hortatus,
1018 2481 1059 2525 ne
1082 2459 1202 2525 ambitu

168 2564 295 2628 comitia
328 2564 499 2646 turbarent,
538 2585 628 2630 suam
665 2565 707 2629 ad
740 2566 774 2629 id
807 2586 914 2630 curam
951 2565 1109 2650 pollicitus
1142 2571 1199 2629 est.

167 2668 351 2751 plerumque
374 2689 428 2734 eos
450 2675 572 2734 tantum
594 2668 680 2753 apud
703 2690 737 2735 se
760 2668 917 2754 professos
940 2668 1097 2749 disseruit,
1127 2688 1201 2750 quo-

166 2791 235 2835 rum
259 2773 386 2837 nomina
409 2774 590 2838 consulibus
613 2773 778 2858 edidisset,
802 2793 894 2858 posse
911 2781 942 2839 et
957 2773 1036 2838 alios
1051 2772 1199 2857 profiteri,

167 2876 194 2940 si
221 2877 342 2960 gratiae
372 2884 427 2941 aut
456 2876 576 2942 meritis
608 2876 815 2943 confiderent:
847 2877 989 2961 speciosa
1021 2877 1136 2957 verbis,
1167 2895 1201 2940 re

166 2981 275 3044 inania
296 2987 351 3044 aut
374 2979 515 3061 subdola,
544 2988 724 3064 quantoque
747 2982 864 3046 maiore
886 2981 1040 3046 libertatis
1062 2980 1201 3063 imagine

166 3084 364 3167 tegebantur,
388 3090 474 3148 tanto
498 3091 646 3168 eruptura
668 3085 710 3149 ad
732 3085 886 3150 infensius
909 3084 1079 3149 servitium.

579 3327 720 3408 LIBER
743 3327 786 3409 ΙΙ.

8 3495 112 3610 ²⁸32:
107 3496 137 3541 ¹¹¹¹
254 3503 281 3564 1.
314 3501 449 3566 Sisenna
480 3501 602 3567 Statilio
638 3500 761 3589 [Tauro]
797 3503 832 3567 L.
863 3503 985 3567 Libone
1020 3501 1200 3566 oonsulibus

2 3654 95 3696 :anona
112 3654 147 3697 „,
164 3611 251 3668 mota
273 3603 391 3669 Orient
370 3612 410 3669 trs
433 3625 532 3689 regna
554 3606 797 3689 prouinciaeque
813 3605 1016 3687 Romanae,
1008 3605 1066 3669 mit
1068 3605 1098 3670 io
1114 3603 1200 3688 apud

16 3720 108 3772 outa
102 3733 125 3766 u
165 3708 297 3773 Parthos
330 3715 407 3789 orto,
442 3709 496 3790 qui
526 3709 605 3792 petit
607 3730 659 3774 um
689 3711 789 3774 Roma
822 3716 1050 3793 acceptumque
1080 3729 1198 3792 regem,

37 3789 102 3835 ffi⁰¹¹¹
165 3812 309 3894 quamuis
331 3833 394 3896 gen
396 3813 436 3876 tis
396 3812 682 3878 tArsaeidarum
702 3821 736 3878 ut
756 3821 923 3879 externum
938 3812 1199 3897 aspernabantur.

157 3915 274 3981 isfuit
296 3916 453 3999 Vonones,
482 3917 576 3987 obses
597 3917 740 4003 Augusto
768 3917 862 3982 datus
891 3938 910 3981 a
937 3916 1080 3982 Phraate.
1126 3937 1200 3980 nam
