2760 4214
99 247 101 250 y
211 166 274 230 104
445 184 495 238 Ab
514 199 631 238 excessu
647 185 681 238 D.
695 185 822 254 Augusti
840 186 883 238 ΙΙΙ
903 189 1015 242 35-40.

35 360 190 412 &obmiti
296 357 347 422 35.
372 357 512 422 Proximi
535 364 664 423 senatus
686 358 738 423 die
760 359 906 425 Tiberius
928 379 985 443 per
1007 359 1137 440 litteras,
1162 360 1252 424 casti-

53 430 177 552 ffissffi
208 461 291 545 gatis
314 461 441 544 oblique
463 461 606 545 patribus
629 460 713 545 quod
729 469 843 527 cuncta
858 483 1002 528 curarum
1018 461 1060 526 ad
1075 462 1251 548 principem

208 565 372 645 reicerent,
397 566 448 629 Μ’.
465 564 622 649 Lepidum
637 572 669 631 et
685 567 811 631 Iunium
826 566 976 632 Blaesum
999 567 1184 646 nominavit,
1209 588 1251 632 ex

209 669 279 751 quis
304 690 358 752 pro
382 669 510 733 consule
532 668 661 733 Africae
683 670 848 754 legeretur.
878 675 946 733 tum
961 669 1072 734 audita
1085 671 1251 735 amborum

209 772 318 852 verba,
341 772 494 837 intentius
517 779 690 838 excusante
713 793 748 838 se
770 772 902 859 Lepido,
939 794 1009 838 oum
1033 773 1251 839 valetudinem

210 876 359 959 corporis
382 882 520 941 aetatem
543 877 686 957 liberum,
710 878 851 941 nubilem
873 877 971 941 filiam
987 876 1183 958 obtenderet,
1206 878 1251 941 in·

210 979 475 1063 tellegereturque
491 980 586 1044 etiam
601 979 686 1061 quod
702 980 825 1061 silebat,
848 982 1040 1046 avunculum
1056 1001 1126 1045 esse
1143 981 1251 1046 Seiani

210 1082 358 1147 Blaesum
381 1089 478 1165 atque
501 1103 538 1148 eo
554 1082 781 1167 praevalidum.
812 1082 976 1168 respondit
991 1084 1123 1150 Blaesus
1144 1084 1251 1168 specie

210 1187 395 1267 recusantis,
424 1185 480 1252 sed
503 1207 608 1269 neque
630 1187 743 1253 eadem
765 1187 1017 1269 adseveratione,
1042 1193 1073 1252 et
1096 1208 1253 1253 consensu

210 1289 407 1354 adulantium
430 1290 508 1355 haut
531 1291 615 1356 iutus
639 1297 696 1356 est.

38 1400 194 1480 &llll'ffltit
298 1395 349 1458 36.
374 1395 468 1458 Exim
491 1401 670 1479 promptum
699 1395 781 1477 quod
806 1395 972 1460 multorum
994 1394 1115 1460 intimis
1137 1394 1252 1476 questi-

52 1467 175 1593 qffim,
211 1500 271 1564 bus
293 1500 469 1582 tegebatur.
501 1498 670 1563 incedebat
693 1499 776 1563 enim
801 1498 970 1564 deterrimo
993 1499 1104 1581 cuique
1123 1499 1252 1564 licentia

85 1609 136 1689 ”aa
211 1603 340 1687 impune
370 1604 485 1686 probra
510 1610 542 1666 et-
569 1601 724 1666 invidiam
755 1603 788 1667 in
818 1604 918 1668 bonos
942 1602 1104 1668 excitandi
1125 1608 1253 1686 arrepta

65 1678 167 1793 “gfffff'
211 1707 352 1791 imagine
377 1706 536 1790 Caesaris5
559 1706 726 1789 libertique
749 1708 845 1771 etiam
868 1727 906 1771 ac
929 1706 1022 1787 servi,
1046 1712 1177 1791 patrono
1200 1706 1252 1770 vel

213 1809 339 1876 domino
356 1831 428 1875 cum
443 1830 548 1890 voces,
572 1830 644 1874 cum
666 1831 779 1876 manus
802 1811 1007 1891 intentarent,
1030 1811 1112 1874 ultro
1135 1815 1251 1874 metue·

212 1915 337 1979 bantur.
369 1916 465 1999 igitur
481 1916 515 1980 O.
534 1914 659 1980 Cestius
683 1922 810 1980 senator
832 1912 981 1980 disseruit
1003 1914 1164 1998 principes
1187 1913 1252 1994 qui·

214 2018 287 2083 dem
309 2019 409 2082 instar
431 2017 560 2083 deorum
584 2038 663 2099 esse,
688 2017 744 2082 sed
767 2038 871 2100 neque
890 2038 911 2082 a
927 2017 976 2088 dis
990 2017 1052 2082 nisi
1067 2018 1166 2082 iustas
1183 2037 1253 2100 sup-

213 2123 329 2206 plicum
360 2141 470 2204 preces
500 2121 613 2202 audiri,
644 2142 748 2204 neque
778 2141 969 2203 quemquam
998 2121 1032 2185 in
1064 2120 1254 2204 Capitolium

213 2225 317 2290 aliave
340 2226 426 2290 urbis
449 2226 568 2310 templa
588 2226 766 2310 perfugere,
788 2231 824 2290 ut
846 2246 883 2290 eo
906 2224 1047 2292 subsidio
1069 2224 1112 2288 ad
1131 2223 1254 2308 flagitia

214 2334 329 2393 utatur.
368 2329 503 2394 abolitas
526 2330 613 2413 leges
637 2336 668 2393 et
691 2327 834 2394 funditus
855 2350 975 2410 versas,
998 2328 1053 2393 ubi
1069 2329 1102 2393 in
1117 2328 1195 2408 foro,
1218 2327 1253 2391 in

213 2434 322 2498 limine
345 2434 450 2499 curiae
473 2435 514 2499 ab
537 2434 644 2499 Annia
665 2434 790 2515 Rufilla,
815 2454 910 2516 quam
933 2416 1055 2498 fraudis
1074 2433 1132 2497 sub
1149 2431 1253 2497 iudice

213 2536 439 2621 damnavisset,
455 2541 571 2624 probra
586 2538 647 2604 sibi
663 2545 694 2602 et
709 2539 815 2603 minae
831 2536 1046 2617 intendantur,
1063 2556 1167 2618 neque
1182 2536 1252 2620 ipse

214 2642 331 2708 audeat
359 2644 409 2708 ius
440 2643 579 2728 experiri
610 2643 650 2709 ob
682 2643 822 2725 effigiem
844 2642 1043 2726 imperatoris
1065 2640 1252 2724 oppositam.

214 2746 300 2810 haud
323 2746 489 2813 dissimilia
509 2747 563 2811 alii
579 2753 611 2812 et
627 2745 756 2829 quidam
769 2747 925 2811 atrociora
940 2745 1253 2828 circumstrepebant,

214 2852 487 2934 precabanturque
510 2852 649 2915 Drusum
671 2849 762 2916 daret
784 2849 913 2916 ultionis
936 2849 1129 2932 exemplum,
1152 2847 1255 2911 donec

214 2955 348 3019 accitam
372 2955 612 3037 convictamque
634 2955 763 3020 attineri
784 2954 914 3038 publica
936 2952 1080 3018 custodia
1102 2952 1202 3017 iussit.

56 3063 185 3117 ”dolent
303 3058 354 3121 37.
378 3058 419 3122 Et
442 3057 609 3124 Considius
632 3059 762 3140 Aequus
785 3064 817 3123 et
840 3057 965 3124 Caelius
988 3058 1103 3122 Cursor
1133 3056 1255 3137 equites

61 3138 182 3256 affin,
215 3162 361 3242 Romani,
392 3161 477 3244 quod
505 3162 588 3227 fictis
610 3162 786 3227 maiestatis
809 3161 994 3226 criminibus
1016 3159 1156 3242 Magium
1179 3160 1255 3225 Cac-

216 3266 364 3331 oilianum
390 3272 569 3349 praetorem
595 3265 792 3351 petivissent,
823 3272 952 3330 auctore
974 3263 1118 3347 principe
1141 3282 1180 3326 ac
1203 3262 1255 3326 de·

216 3377 300 3436 creto
330 3376 459 3436 senatus
488 3370 600 3455 puniti.
640 3375 807 3451 utrumque
828 3369 861 3432 in
884 3368 1012 3433 laudem
1035 3367 1131 3432 Drusi
1154 3365 1255 3430 trahe-

216 3477 323 3541 batur:
346 3475 441 3540 abeo
458 3475 594 3555 inurbe,
617 3475 699 3543 inter
722 3479 830 3540 coetus
853 3479 885 3537 et
907 3491 1069 3537 sermones
1091 3470 1256 3535 hominum

217 3581 416 3660 obversante,
433 3584 555 3644 secreta
570 3578 669 3662 patris
684 3577 833 3661 mitigari.
861 3595 965 3659 neque
980 3575 1075 3640 luxus
1090 3575 1124 3638 in
1139 3574 1255 3638 iuvene

217 3684 298 3751 adeo
311 3683 512 3768 displicebat:
529 3682 591 3747 huo
607 3682 712 3766 potius
727 3679 917 3762 intenderet,
933 3679 1018 3745 diem
1033 3678 1256 3745 aedificationi·

217 3789 287 3869 bus,
300 3794 425 3854 noctem
438 3786 593 3851 conviviis
601 3786 749 3867 traheret,
763 3805 858 3868 quam
869 3785 955 3850 solus
967 3790 999 3848 et
1010 3783 1103 3848 nullis
1115 3783 1256 3866 volupta-

75 3888 143 3960 Ι
207 3892 459 3958 tibusavooatus
467 3889 1255 3978 maestamvigilantiametmalascurasexerceret.
