2760 4214
411 135 636 204 anausoni.
663 152 690 205 p.
703 135 766 190 cur.
779 137 868 202 esser.
1089 118 1153 184 183

112 315 297 393 congruunt,
329 315 361 374 et
382 310 473 393 plura
494 310 655 394 ambigua,
686 309 742 375 sed
766 310 893 393 cognitu
916 330 979 375 non
1002 309 1150 391 absurda,

111 433 254 497 promere
276 412 363 478 libet.
388 433 512 478 sacrum
528 414 592 479 Soli
615 413 648 478 id
670 414 788 479 animal
810 421 842 479 et
864 435 917 479 ore
939 435 978 478 ao
1000 413 1151 480 distinctu

111 517 280 601 pinnamm
301 537 322 580 a
344 517 458 583 ceteris
478 516 593 583 avibus
615 517 776 582 diversum
799 518 1001 583 consentiunt
1023 518 1076 599 qui
1092 517 1151 583 for-

111 641 197 684 mam
225 621 292 686 eius
322 620 490 686 effinxere:
522 621 562 687 de
584 643 716 687 numero
738 643 892 687 annorum
914 623 1003 687 varia
1024 621 1151 686 tradun-

111 730 170 789 tur.
194 725 333 789 maxime
356 725 521 809 vulgatum
545 725 788 810 quingentorum
811 726 963 810 spatium:
995 733 1068 791 sunt
1096 726 1150 808 qui

111 828 301 894 adseverent
323 829 408 894 mille
430 827 681 913 quadringentos
703 830 873 915 sexaginta
894 851 992 894 unum
1015 829 1149 911 imerici,

111 933 293 1016 prioresque
315 933 407 999 alites
430 932 579 999 Sesoside
609 933 755 1017 primurn,
786 940 858 1018 post
879 933 1031 998 Amaside
1054 932 1150 998 domi-

110 1037 271 1118 nantibus,
302 1036 376 1102 dein
406 1038 598 1119 Ptolemaeo,
630 1038 683 1120 qui
713 1058 755 1102 ex
782 1037 1009 1104 Macedonibus
1039 1037 1150 1102 tertius

108 1141 263 1224 regnavit,
287 1140 321 1205 in
337 1141 508 1223 civitatem,
533 1142 584 1206 cui
599 1142 773 1226 Heliopolis
789 1162 914 1222 nomen,
938 1141 1148 1222 advolavisse,

109 1244 207 1308 multo
230 1251 405 1309 ceterarum
427 1245 588 1311 volucrum
610 1246 759 1310 comitatu
774 1266 889 1309 novam
905 1244 1021 1310 faciem
1037 1246 1149 1309 miran-

111 1348 198 1413 tium.
223 1346 279 1413 sed
301 1349 475 1432 antiquitas
498 1349 626 1432 quidem
650 1350 911 1421 obscurazinter
933 1349 1149 1414 Ptolemaeum

109 1471 148 1516 ac
170 1452 332 1516 liberium
354 1452 458 1519 minus
486 1452 613 1518 ducenti
644 1453 875 1537 quinquaginta
905 1452 980 1516 anni
1011 1451 1148 1517 fuerunt.

111 1555 194 1621 unde
216 1557 360 1621 nonnulli
380 1556 496 1622 falsum
518 1557 603 1622 hunc
625 1557 812 1643 phoenicem
839 1577 943 1639 neque
966 1557 1107 1621 Arabum
1130 1576 1148 1620 e

110 1659 201 1724 terris
224 1658 396 1742 credidere,
420 1660 561 1744 nihilque
583 1662 787 1745 usurpavisse
810 1681 851 1726 ex
873 1661 934 1742 his,
957 1679 1040 1742 quae
1056 1665 1148 1725 vetus

109 1763 261 1829 memoria
274 1763 420 1830 firmavit.
445 1765 589 1831 conlecto
612 1767 728 1850 quippe
750 1786 905 1830 annorum
928 1784 1069 1846 numero,
1092 1764 1148 1829 ubi

109 1887 192 1932 mors
214 1868 414 1951 propinquet,
439 1869 504 1934 suis
526 1869 560 1933 in
583 1869 674 1934 terris
696 1876 817 1934 struere
840 1868 950 1933 nidum
974 1869 1066 1952 eique
1081 1868 1147 1934 vim

108 1971 281 2053 genitalem
310 1972 498 2054 adfundere,
530 1994 571 2038 ex
602 1994 665 2055 qua
694 1974 794 2039 fetum
824 1975 911 2058 oriri,
950 1980 982 2039 et
1011 1973 1147 2058 primam

107 2074 214 2140 adulto
249 2097 355 2141 curam
385 2076 560 2161 sepeliendi
589 2078 698 2162 patris,
730 2099 833 2161 neque
863 2078 897 2143 id
927 2085 1055 2160 temere,
1090 2076 1147 2143 sed

108 2179 232 2244 sublato
262 2200 387 2244 murrae
416 2179 556 2264 pondere
585 2188 802 2266 temptatoque
832 2204 889 2267 per
918 2183 1047 2266 longum
1076 2182 1145 2264 iter,

107 2283 162 2347 ubi
185 2304 243 2367 par
265 2284 362 2366 oneri,
386 2305 444 2369 par
466 2287 584 2351 meatui
608 2287 658 2367 sit,
682 2288 788 2352 subire
809 2287 946 2371 patrium
970 2307 1083 2371 corpus
1102 2287 1147 2350 in-

107 2406 169 2469 que
192 2387 273 2452 Solis
295 2408 384 2452 aram
407 2389 546 2472 perferre
568 2396 665 2473 atque
687 2390 823 2456 adolere.
869 2391 949 2456 haec
971 2392 1092 2456 incerta
1114 2396 1147 2455 et

106 2489 260 2556 fabulosis
289 2499 397 2557 aucta:
433 2499 572 2559 ceterum
601 2495 701 2579 aspici
732 2494 902 2577 aliquando
932 2495 966 2558 in
995 2495 1145 2578 Aegypto

107 2614 179 2659 carn
200 2596 360 2660 volucrem
384 2618 447 2662 non
470 2599 651 2682 ambigitur.

194 2697 245 2764 29.
277 2701 321 2763 At
346 2702 467 2766 Romae
496 2701 595 2767 caede
627 2703 774 2767 continua
803 2701 996 2786 Pomponius
1026 2702 1144 2783 Labeo,
1162 2687 1320 2806 „affin”

107 2821 202 2883 quem
235 2803 411 2887 praefuisse
444 2805 582 2870 Moesiae
616 2806 732 2887 rettuli,
770 2827 827 2890 per
859 2808 1011 2890 abruptas
1043 2826 1145 2871 venas
1192 2827 1287 2874 uuum

107 2907 294 2989 sanguinem
332 2908 457 2993 effudit,
495 2911 716 2992 aemulataque
750 2917 798 2976 est
831 2911 970 2975 coniunx
1004 2911 1142 2976 Paxaea.
1181 2896 1294 3022 ,amn

106 3029 179 3074 nam
206 3017 368 3095 promptas
395 3012 463 3077 eius
492 3012 578 3077 modi
601 3021 718 3080 mortes
741 3021 844 3080 metus
867 3014 1024 3080 carnificis
1049 3013 1142 3079 facie·
1162 3036 1221 3089 nuru
1236 3037 1316 3090 struu-

105 3113 169 3194 bat,
194 3120 226 3179 et
248 3115 323 3197 quia
345 3115 486 3180 damnati
510 3117 679 3200 publicatis
701 3119 792 3183 bonis
815 3120 977 3203 sepultura
998 3119 1142 3203 prohibe·
1160 3106 1221 3151 ”¹⁰²³
1241 3112 1316 3160 W·

105 3216 228 3299 bantur,
252 3239 369 3300 eorum,
390 3219 500 3302 quide
516 3241 550 3286 se
566 3223 758 3303 statuebant,
773 3222 986 3288 humabantur
1001 3244 1141 3307 corpora,

104 3323 278 3387 manebant
307 3330 508 3406 testamenta,
539 3327 674 3409 pretium
704 3326 886 3392 festinandi.
933 3326 989 3392 sed
1025 3328 1143 3393 Caesar

105 3424 209 3491 missis
231 3426 274 3491 ad
297 3435 442 3493 senatum
464 3429 576 3494 litteris
598 3429 746 3496 disseruit
767 3452 886 3496 morem
908 3430 1007 3496 fuisse
1022 3430 1143 3495 maiori-

104 3529 173 3611 bus,
197 3531 342 3612 quotiens
357 3531 542 3598 dirimerent
556 3534 722 3616 amicitias,
746 3535 934 3600 interdicere
950 3534 1043 3600 domo
1059 3555 1142 3599 eum·

103 3652 164 3715 que
187 3632 283 3699 finem
306 3636 428 3718 gratiae
450 3657 582 3720 ponere:
607 3637 640 3701 id
663 3658 697 3702 se
719 3638 906 3722 repetivisse
929 3638 962 3701 in
981 3638 1142 3720 Labeone,

101 3743 198 3818 atque
220 3737 317 3819 illurn,
341 3738 416 3821 quia
437 3741 520 3804 male
542 3740 782 3806 administratae
797 3742 980 3826 provinciae
998 3742 1142 3807 aliorum-

103 3859 164 3922 que
177 3841 342 3906 criminum
355 3843 557 3927 arguebatur,
570 3845 695 3928 culpam
706 3845 829 3910 invidia
840 3846 1008 3927 velavisse,
1024 3845 1144 3911 trustra
