2760 4214
503 187 528 226 a.
542 171 575 226 U.
588 186 611 225 c.
625 173 684 225 777.
709 186 735 238 p.
750 169 813 224 Chr.
827 172 868 225 24.
1143 150 1206 216 135

165 366 241 411 vero
269 345 465 429 tramissum;
497 351 681 425 ceterorum,
713 363 795 426 quae
825 343 925 407 multa
956 341 1206 421 cumulabantur,

166 455 312 534 receptus
328 455 376 514 est
396 468 478 529 reus,
501 468 605 531 neque
621 454 768 532 peractus
783 448 823 512 ob
839 452 971 512 mortem
987 452 1205 530 opportunam.

166 552 300 617 relatum
323 558 355 617 et
377 551 418 616 de
435 551 545 618 Cassio
561 552 679 618 Severo
704 551 807 632 exule,
832 550 885 632 qui
905 548 1051 614 sordidae
1066 549 1205 632 originis,

166 655 329 720 maleficae
367 655 461 738 vitae,
507 653 564 720 sed
602 653 713 721 orandi
751 652 884 734 validus,
926 673 982 737 per
1022 651 1207 717 immodicas

166 759 348 824 inimicitias
378 765 413 823 ut
444 758 561 825 iudicio
589 758 682 823 iurati
706 764 835 823 senatus
859 757 986 822 Cretam
1008 762 1208 823 amoveretur

168 863 331 947 effecerat3
355 869 451 944 atque
474 862 538 927 illic
561 861 673 926 eadem
696 860 858 926 actitando
881 859 1021 926 recentia
1037 866 1207 941 veteraque

167 965 240 1030 odia
274 966 420 1048 advertit,
460 966 615 1049 bonisque
652 974 776 1046 exutus,
814 963 982 1031 interdicto
1015 963 1082 1048 igni
1111 970 1208 1046 atque
1286 1005 1288 1007 -

166 1090 259 1153 aqua,
282 1090 361 1136 saxo
385 1069 519 1154 Seripho
542 1069 716 1135 consenuit.

253 1174 304 1238 22.
329 1175 390 1240 Per
420 1174 505 1239 idem
532 1180 658 1258 tempus
679 1173 822 1238 Plautius
844 1172 993 1238 Silvanus
1015 1177 1142 1255 praetor
1163 1171 1208 1236 in·
1227 1164 1380 1287 mama

167 1278 261 1342 certis
284 1278 388 1343 causis
402 1278 575 1362 Aproniam
599 1277 765 1360 coniugem
788 1277 822 1341 in
845 1296 1000 1360 praeceps
1022 1275 1106 1356 iecit,
1130 1281 1208 1339 trac·
1240 1245 1376 1348 ‘aramis

167 1388 281 1463 tusque
304 1381 345 1445 ad
369 1382 539 1446 Gaesarem
561 1381 603 1445 ab
625 1381 661 1446 L.
677 1365 818 1465 Apronio
838 1399 945 1444 socero
961 1379 1088 1443 turbata
1101 1385 1208 1444 mente

166 1484 340 1570 respondit,
363 1492 524 1567 tamquam
547 1485 616 1569 ipse
641 1505 751 1550 somno
772 1483 881 1568 gravis
903 1489 999 1565 atque
1015 1502 1052 1548 eo
1067 1482 1208 1565 ignarus,

167 1596 199 1654 et
222 1609 305 1654 uxor
327 1596 440 1674 sponte
462 1595 597 1654 mortem
620 1589 817 1672 sumpsisset.
856 1608 920 1653 non
952 1593 1138 1651 cunctanter
1159 1585 1209 1649 Ti·

167 1694 274 1759 berius
296 1693 401 1777 pergit
423 1693 457 1757 in
480 1691 619 1774 domum,
650 1692 725 1758 visit
753 1691 941 1771 cubiculum,
972 1690 1004 1754 in
1029 1710 1090 1772 quo
1113 1689 1209 1755 relue-

167 1797 264 1862 tantis
287 1804 319 1862 et
341 1797 495 1881 impulsae
519 1796 655 1880 vestigia
678 1795 897 1861 cernebantur.
937 1793 1033 1858 refert
1055 1792 1097 1856 ad
1120 1813 1208 1858 sena-

168 1908 245 1982 tum,
269 1900 415 1982 datisque
437 1900 595 1965 iudicibus
611 1899 788 1984 Urgulania
804 1899 926 1964 Silvani
949 1897 1023 1963 avia
1037 1897 1208 1981 pugionem

168 2005 276 2089 nepoti
308 2004 402 2069 misit.
450 2003 534 2086 quod
567 2003 700 2089 perinde
735 2002 898 2083 creditum,
933 2001 1024 2085 quasi
1057 2001 1209 2086 principis

169 2109 300 2190 monitu,
335 2110 375 2174 ob
405 2107 578 2172 amicitiam
608 2107 773 2191 Augustae
804 2127 875 2172 cum
905 2106 1091 2190 Urgulania.
1136 2125 1209 2170 reus

169 2214 285 2278 frustra
307 2219 461 2298 temptato
483 2212 567 2278 ferro
591 2233 690 2278 venas
714 2213 861 2297 praebuit
884 2211 1104 2277 exsolvendas.
1133 2231 1207 2275 mox

167 2317 375 2398 Numantina,
391 2317 476 2401 prior
492 2337 572 2382 uxor
587 2317 665 2398 eius,
689 2323 838 2382 accusata
853 2317 1001 2382 iniecisse
1016 2315 1209 2381 carminibus

169 2428 201 2487 et
225 2421 389 2486 veneficiis
412 2419 614 2486 vaecordiam
636 2421 760 2501 marito,
784 2421 894 2487 insons
916 2420 1081 2484 iudicatur.

255 2525 306 2590 23.
330 2526 363 2589 Is
386 2524 513 2589 demum
536 2544 640 2589 annus
662 2524 812 2608 populum
833 2525 1012 2589 Romanum
1038 2523 1134 2606 longo
1157 2521 1209 2587 ad·
1226 2513 1376 2637 Ἢίῗζῐέεῑ

167 2649 293 2693 versum
305 2628 478 2692 Numidam
485 2627 721 2693 Tacfarinatem
738 2627 821 2693 bello
837 2627 982 2692 absolvit.
1000 2646 1073 2689 nam
1090 2625 1210 2709 priores
1355 2613 1362 2628 ’

168 2732 275 2813 duces,
298 2733 353 2797 ubi
375 2731 576 2816 impetrando
598 2731 835 2816 triumphalium
857 2731 976 2815 insigni
999 2730 1145 2796 sufficere
1160 2750 1211 2796 res

169 2857 243 2902 suas
254 2835 464 2917 crediderant,
480 2835 604 2901 hostem
619 2836 820 2920 omittebant,
837 2835 964 2918 iamque
976 2841 1039 2900 tres
1049 2835 1210 2900 laureatae

170 2942 202 3004 in
225 2942 304 3005 urbe
326 2945 461 3021 statuae,
496 2932 528 3004 ct
549 2928 655 3004 adh'uc
677 2940 827 3024 raptabat
848 2939 989 3004 Africam
1012 2938 1209 3019 Tacfarinas,

168 3050 280 3109 auctus
313 3044 492 3109 Maurorum
527 3043 664 3125 auxiliis,
699 3043 763 3126 qui,
797 3044 978 3109 Ptolemaeo
1011 3044 1111 3108 Iubae
1144 3042 1210 3109 filio

168 3148 299 3214 iuventa
322 3148 489 3228 incurioso,
511 3148 642 3213 libertos
665 3148 769 3232 regios
790 3155 822 3212 et
836 3148 964 3213 servilia
978 3148 1112 3232 imperia
1127 3147 1210 3214 bello

168 3257 379 3317 mutaverant.
419 3258 487 3316 erat
518 3251 562 3315 illi
593 3251 783 3334 praedarum
806 3257 1009 3335 recepturae
1032 3252 1135 3316 socius
1158 3271 1209 3335 po·

167 3355 300 3441 pulandi
322 3377 379 3421 rex
396 3356 634 3437 Garamantum,
658 3376 721 3421 non
737 3361 772 3419 ut
788 3375 859 3420 cum
881 3355 1022 3420 exercitu
1037 3354 1209 3435 incederet,

168 3461 225 3528 sed
254 3460 361 3527 missis
390 3460 515 3526 levibus
547 3460 655 3543 copiis,
688 3479 769 3541 quae
793 3478 834 3523 ex
856 3459 1029 3542 longinquo
1052 3459 1085 3523 iu
1108 3458 1210 3523 maius

167 3564 393 3648 audiebantur3
416 3564 550 3648 ipsaque
573 3583 591 3628 e
614 3563 788 3648 provincia,
811 3569 846 3627 ut
862 3563 932 3645 quis
947 3563 1093 3628 fortunae
1108 3562 1209 3645 inops,

167 3670 307 3734 moribus
337 3667 491 3749 turbidus,
523 3668 701 3752 promptius
722 3668 868 3748 ruebant,
900 3666 976 3749 quia
999 3667 1117 3733 Caesar
1138 3672 1212 3750 post

168 3792 218 3838 res
240 3793 261 3837 a
282 3772 395 3837 Blaeso
417 3781 535 3855 gestas,
559 3772 650 3854 quasi
672 3771 767 3836 nullis
790 3771 852 3835 iam
875 3771 909 3834 in
924 3770 1034 3834 Africa
1055 3769 1209 3850 hostibus,

168 3877 324 3961 reportari
345 3896 462 3941 nonam
484 3875 643 3961 legionem
665 3875 812 3958 iusserat,
833 3894 894 3947 nec
916 3896 974 3960 pro
998 3874 1133 3941 consule
1143 3873 1243 3950 eius,
