2760 4214
503 202 527 240 a.
540 186 573 241 u.
587 202 610 240 ο.
624 189 682 242 rev.
710 202 736 254 p.
749 184 811 240 chr.
826 188 865 241 14.
1156 164 1195 228 21

164 357 198 420 vi
231 357 451 424 adtinuissent.
497 366 640 425 extrema
669 366 701 425 et
735 359 922 442 conglobata
950 358 1033 423 inter
1062 374 1097 422 se
1125 373 1199 439 pars

167 462 322 528 contionis
341 484 389 545 ac,
413 464 468 528 vix
492 464 641 530 credibile
663 464 759 546 dictu,
783 463 911 546 quidam
934 462 1050 546 singuli
1072 459 1200 545 pmpius

165 565 361 648 incedentes,
377 566 485 632 feriret
500 567 719 652 hortabantur;
737 574 768 632 et
786 567 876 632 miles
887 567 1014 632 nomine
1023 563 1200 632 Calusidius

166 669 309 735 strictum
332 671 445 735 obtulit
466 672 618 756 gladium,
641 671 749 737 addito
771 671 943 736 acutiorem
958 688 1036 736 esse.
1070 687 1199 734 saevum

166 771 200 836 id
229 775 366 858 malique
395 776 490 841 moris
520 776 616 842 etiam
646 775 823 843 furentibus
852 775 965 856 visum,
996 793 1034 838 ac
1064 772 1199 857 spatium

165 875 236 959 fuit,
267 898 327 959 quo
352 880 469 944 Caesar
495 881 535 944 ab
563 879 673 945 amicis
700 879 734 944 in
761 879 998 944 tabernaculum
1027 881 1198 960 raperetur.

253 981 304 1046 36.
330 983 547 1048 Consultatum
566 983 611 1048 ibi
631 982 671 1048 de
686 982 840 1067 remedi03
864 982 981 1047 etenim
996 980 1200 1045 nuntiabatur
1229 971 1357 1094 3¹¹ffigf¹¹⁸'

166 1087 273 1170 parari
295 1087 426 1170 legatae,
450 1088 504 1169 qui
527 1088 719 1171 superiorem
741 1088 914 1153 exercitum
929 1086 971 1150 ad
987 1105 1113 1151 oausam
1129 1104 1200 1148 ean-
1315 1072 1322 1087 ⁰

169 1187 243 1253 dem
272 1190 447 1256 traherent:
478 1190 669 1258 destinatum
700 1190 825 1256 excidio
856 1191 1008 1256 Ubiorum
1038 1186 1199 1273 oppidum,

166 1293 367 1377 imbutasque
387 1295 506 1379 praeda
525 1317 638 1361 manns
653 1296 686 1361 in
702 1296 909 1380 direptionem
926 1293 1098 1359 Galliamm
1114 1312 1200 1376 erup

164 1402 262 1463 turas.
296 1401 435 1482 angebat
456 1406 575 1464 metum
597 1420 715 1483 gnarus
737 1401 899 1464 Romanae
922 1397 1086 1463 seditionis
1108 1403 1149 1477 et,
1173 1396 1200 1461 si

165 1502 361 1566 omitteretur
382 1502 460 1587 ripa,
492 1504 659 1569 invasurus
681 1502 793 1568 hostis:
823 1509 857 1567 at
879 1503 905 1568 si
928 1502 1048 1566 auxilia
1071 1506 1102 1566 et
1124 1499 1200 1564 socii

165 1604 335 1671 adversum
358 1607 559 1673 abscedentis
581 1609 722 1692 legiones
743 1612 948 1688 armarentur,
973 1605 1065 1670 civile
1083 1604 1199 1669 bellum

165 1710 291 1793 suscipi.
330 1711 505 1794 periculosa
526 1713 689 1792 severitas,
713 1712 869 1796 flagitiosa
888 1709 1027 1794 largitio:
1051 1729 1107 1774 seu
1122 1707 1200 1772 nihil

166 1813 258 1877 militi
281 1814 348 1880 sive
371 1816 477 1880 omnia
500 1815 754 1897 concederentur,
782 1815 816 1880 in
838 1814 969 1898 ancipiti
992 1811 1198 1896 respublica.

165 1916 262 2000 igitur
283 1918 431 1982 volutatis
454 1919 536 1983 inter
558 1939 592 1984 se
615 1919 788 1983 rationibus
814 1917 965 2002 placitum
986 1924 1021 1982 ut
1048 1915 1200 2001 epistulae

165 2022 293 2088 nomine
327 2023 478 2107 principis
517 2024 740 2089 scriberentur:
779 2022 960 2088 missionem
992 2021 1058 2085 dari
1088 2021 1200 2086 vicena

166 2124 326 2208 stipendia
348 2126 476 2208 meritis,
500 2127 697 2192 exauctorari
720 2127 773 2209 qui
793 2146 871 2192 sena
891 2125 975 2191 dena
994 2125 1144 2190 fecissent
1162 2144 1201 2188 ac

168 2228 296 2294 retineri
324 2231 382 2295 sub
409 2230 526 2295 vexillo
550 2237 722 2296 ceterorum
745 2231 891 2296 inmunes
913 2229 974 2294 nisi
997 2226 1200 2313 propulsandi

167 2329 277 2412 hostis,
300 2333 406 2416 legata
428 2354 510 2416 quae
532 2335 711 2419 petiverant
733 2334 855 2399 exsolvi
877 2333 1102 2417 duplicarique.

253 2435 304 2500 37.
328 2437 434 2502 Sensit
456 2438 545 2503 miles
568 2439 600 2502 in
623 2444 748 2522 tempus
770 2438 905 2503 conficta
927 2437 1097 2520 statimque
1115 2435 1201 2520 flagi·
1223 2427 1363 2549 3⁶⁸&ss

165 2539 253 2603 tavit.
285 2541 392 2606 missio
412 2562 468 2624 per
483 2541 625 2608 tribunos
645 2541 827 2623 maturatur,
849 2542 975 2626 largitio
998 2540 1201 2606 differebatur
1218 2583 1282 2631 g„
1296 2527 1364 2628 Μ’

165 2643 198 2706 in
216 2643 350 2708 hiberna
365 2645 526 2727 cuiusque.
558 2667 620 2710 non
636 2647 818 2712 abscessere
834 2645 978 2728 quintani
993 2643 1201 2709 unetvicensi·
1230 2653 1366 2715 brttstll‘l.

167 2747 327 2830 munique,
358 2748 459 2813 donec
488 2749 589 2814 isdem
619 2751 651 2814 in
679 2750 808 2815 aestivis
838 2754 999 2815 contracta
1021 2768 1062 2814 ex
1084 2747 1200 2813 viatico
1244 2722 1282 2767 ⁸²¹¹
1296 2722 1345 2768 ‘m'

165 2851 338 2916 amicorum
360 2853 522 2936 ipsiusque
546 2854 690 2920 Caesaris
712 2854 847 2937 pecunia
869 2853 1107 2937 persolveretur.
1142 2852 1201 2935 pri-

168 2976 254 3019 mam
284 2976 322 3021 ac
351 2957 557 3023 vicensimam
587 2957 730 3041 legiones
753 2958 891 3023 Caecina
920 2945 1043 3041 legatus
1068 2956 1102 3019 in
1128 2955 1200 3019 civi·

165 3064 264 3124 tatem
288 3059 440 3125 Ubiorum
462 3060 597 3140 reduxit,
625 3061 708 3145 turpi
730 3060 868 3145 agmine,
899 3079 971 3124 cum
993 3059 1062 3124 fisci
1083 3057 1124 3122 de
1145 3059 1200 3122 im-

168 3169 313 3247 peratore
343 3164 426 3248 rapti
455 3163 538 3228 inter
567 3165 661 3248 signa
689 3165 834 3247 interque
856 3164 979 3246 aquilas
1001 3162 1198 3227 veherentur.

166 3267 374 3332 Germanicus
396 3267 588 3352 superiorem
610 3266 653 3332 ad
668 3269 840 3333 exercitum
855 3267 1014 3352 profectus
1029 3264 1199 3331 secundam

167 3377 199 3437 et
224 3371 349 3435 tertiam
376 3371 541 3436 decumam
568 3378 599 3436 et
626 3379 750 3437 sextam
773 3371 937 3436 decumam
959 3371 1100 3455 legiones
1122 3368 1200 3433 nihil

167 3481 331 3540 cunctatas
369 3482 564 3541 sacramente
603 3474 712 3558 adigit.
758 3474 1036 3558 quartadecumani
1073 3473 1200 3557 paulum

167 3577 402 3644 dubitaverant:
433 3579 569 3662 pecunia
596 3585 628 3644 et
649 3579 757 3644 missio
780 3578 924 3661 quamvis
946 3598 1010 3642 nen
1032 3575 1200 3661 flagitanti-

165 3685 226 3749 bus
248 3684 355 3749 oblata
378 3691 433 3750 est.

254 3786 306 3851 38.
341 3788 383 3851 At
420 3787 452 3851 in
492 3786 628 3852 Chaucis
665 3793 852 3870 coeptavere
891 3784 1083 3851 seditionem
1112 3803 1205 3867 prae·
1222 3780 1379 3894 Q&

166 3890 282 3956 sidium
305 3891 461 3975 agitantes
485 3890 640 3958 vexillarii
663 3889 864 3962 discordium
881 3893 1058 3981 legionum
1080 3896 1116 3954 et
1134 3905 1233 3971 prae-
1289 3907 1379 3952 sousa
