2760 4214
262 153 304 218 80
503 171 551 225 Ab
570 186 686 226 excessu
705 172 738 226 D.
752 170 878 242 Augusti
897 169 926 224 ΙΙ
946 173 1056 229 73-78.

262 344 368 409 liberis
392 346 505 428 egisse,
529 365 633 427 neque
656 346 760 411 minus
782 345 1013 429 proeliatorem,
1037 345 1134 410 etiam
1157 345 1184 410 si
1207 351 1304 410 teme-

261 449 338 514 ritas
371 449 487 514 afuerit
520 449 788 533 praepeditusque
818 449 860 514 sit
890 450 1052 533 perculsas
1085 456 1131 514 tot
1161 449 1304 515 victoriis

261 552 449 618 Germanias
473 553 602 618 servitio
624 573 776 637 premere.
812 552 939 636 quodsi
955 554 1039 618 solus
1054 553 1172 617 arbiter
1186 573 1302 634 rerum,

262 656 288 721 si
311 657 379 720 iure
402 663 434 720 et
455 657 583 721 nomine
606 657 693 740 regio
716 656 838 738 fuisset,
863 663 950 722 tanto
973 656 1150 742 promptius
1172 655 1304 722 adsecu-

261 767 364 826 turum
388 761 521 844 gloriam
544 760 685 840 militiao,
710 767 863 842 quantum
879 761 1056 841 clementia,
1080 763 1302 845 temperantia,

262 865 376 931 ceteris
397 864 489 929 bonis
512 865 633 930 artibus
656 865 875 949 praestitisset.
908 885 1021 949 corpus
1043 873 1215 948 antequam
1239 886 1303 932 cre-

262 974 410 1048 maretur,
441 966 595 1032 nudatum
619 969 651 1032 in
674 968 743 1033 foro
765 968 1037 1049 Antiochensium,
1068 969 1122 1050 qui
1144 969 1232 1034 locus
1256 990 1303 1035 se·

261 1071 407 1155 pulturae
423 1070 651 1152 destinabatur,
668 1072 893 1155 praetuleritne
909 1071 1055 1137 veneficii
1071 1072 1173 1157 signa,
1190 1093 1303 1156 parum

263 1176 416 1260 constitit,
447 1196 522 1239 nam
552 1185 588 1239 ut
618 1176 687 1257 quis
716 1174 933 1241 misericordia
954 1176 988 1239 in
1015 1175 1240 1241 Germanicum
1271 1183 1304 1241 et

262 1286 466 1364 praesumpta
496 1279 676 1363 suspicione
706 1286 761 1343 aut
791 1279 901 1344 favore
930 1279 963 1343 in
987 1279 1135 1344 Pisonem
1165 1279 1303 1364 pronior,

262 1384 380 1450 diversi
403 1383 701 1468 interpretabantur.

115 1485 217 1539 scurror,
349 1489 399 1553 74.
424 1488 644 1554 Consultatum
659 1486 734 1552 inde
750 1487 832 1552 inter
854 1488 975 1571 legatos
998 1489 1116 1570 quique
1137 1487 1192 1552 alii
1214 1508 1304 1554 sena-

95 1557 235 1680 {ffdlsslssff
261 1599 365 1658 torum
387 1592 534 1672 aderant,
558 1593 704 1673 quisnam
728 1593 838 1658 Suriae
861 1592 1093 1676 praeficeretur.
1134 1598 1165 1657 et
1188 1593 1302 1659 ceteris

261 1696 385 1762 modice
408 1697 497 1780 nisis,
524 1696 608 1762 inter
630 1697 759 1762 Vibium
782 1697 921 1762 Marsum
944 1703 976 1762 et
998 1698 1056 1763 On.
1081 1696 1225 1762 Sentium
1248 1696 1304 1762 diu

262 1801 454 1884 quaesitum:
479 1799 553 1866 dein
568 1801 691 1866 Marsus
715 1801 831 1865 seniori
855 1807 886 1865 et
909 1801 1012 1865 acrius
1033 1800 1176 1866 tendenti
1192 1802 1303 1867 Sentio

262 1905 427 1970 concessit.
473 1905 563 1986 isque
594 1904 745 1970 infamem
777 1904 939 1970 veneficiis
966 1926 1005 1971 ea
1027 1906 1061 1970 in
1083 1906 1247 1991 provincia
1271 1911 1304 1970 et

260 2008 433 2072 Plancinae
463 2028 626 2092 percaram
659 2009 788 2074 nomine
810 2009 979 2073 Martinam
1007 2009 1039 2073 in
1067 2011 1178 2074 urbem
1204 2009 1302 2091 misit,

261 2112 494 2196 postulantibus
510 2112 636 2178 Vitellio
659 2133 697 2176 ac
712 2113 849 2177 Veranio
873 2114 1058 2196 ceterisque,
1093 2113 1147 2195 qui
1170 2113 1304 2179 crimina

262 2222 294 2281 ct
324 2216 559 2281 accusationem
589 2223 751 2298 tamquam
781 2215 935 2283 adversus
964 2224 1108 2302 receptos
1137 2218 1202 2282 iarn
1231 2238 1304 2284 reos

261 2319 469 2385 instruebant.

104 2422 226 2543 '5133ngst
349 2423 399 2488 75.
423 2425 466 2489 At
488 2423 675 2508 Agrippina,
712 2445 903 2506 quamquam
926 2425 1054 2491 defessa
1075 2426 1161 2491 luctu
1183 2433 1215 2491 et
1238 2446 1303 2493 cor-

101 2560 228 2614 nuam
260 2547 337 2612 pore
366 2548 473 2612 aegro,
503 2528 648 2593 omnium
675 2534 781 2593 tamen
810 2548 891 2610 quae
921 2529 1073 2594 ultionem
1103 2536 1302 2595 morarentur

130 2629 196 2675 Μ·
259 2633 441 2713 intolerans,
465 2631 609 2698 ascendit
632 2632 766 2697 classem
789 2652 861 2696 cum
884 2633 1042 2698 cineribus
1062 2633 1244 2698 Germanici
1267 2641 1300 2700 et

120 2716 207 2839 ,3222
258 2736 376 2817 liberis,
399 2735 623 2801 miserantibus
646 2735 776 2816 cunctis,
801 2735 885 2818 quod
900 2737 1020 2801 femina
1035 2737 1200 2803 nobilitate
1216 2738 1300 2821 prin-

259 2859 344 2923 ceps,
367 2838 577 2923 pulcherrimo
600 2838 693 2903 modo
716 2840 916 2905 matrimonio
936 2840 1018 2906 inter
1033 2840 1216 2906 venerantis
1229 2862 1300 2924 gra·

257 2942 418 3023 tantisque
440 2942 540 3025 aspici
563 2942 664 3023 solita,
698 2949 774 3007 tunc
796 2943 903 3008 feralis
925 2944 1074 3026 reliquias
1096 2944 1168 3009 sinu
1191 2944 1299 3026 ferret,

257 3046 379 3110 incerta
401 3045 538 3126 ultionis,
561 3045 660 3109 anxie
682 3047 731 3112 sui
754 3054 785 3111 et
806 3047 927 3112 infelici
942 3047 1138 3113 fecunditate
1153 3047 1299 3115 fortunae

258 3150 372 3214 totiens
402 3149 549 3214 obnoxia.
587 3150 736 3214 Pisonem
767 3151 892 3216 interim
922 3151 1008 3237 apud
1033 3153 1131 3218 Coum
1161 3152 1299 3217 insulam

257 3254 387 3319 nuntius
417 3252 602 3336 adsequitur
631 3255 808 3320 excessisse
830 3255 1063 3320 Germanicum.
1104 3276 1165 3338 quo
1187 3256 1298 3322 intern-

256 3364 405 3443 peranter
427 3363 559 3441 accepto
574 3357 679 3423 caedit
695 3358 851 3439 victimas,
875 3359 942 3423 adit
957 3360 1086 3442 templa,
1110 3379 1213 3441 neque
1229 3360 1299 3444 ipse

256 3460 407 3545 gaudium
430 3459 599 3526 moderans
622 3467 655 3526 et
676 3461 779 3545 magis
802 3463 1013 3528 insolescente
1028 3463 1191 3544 Plancina,
1215 3484 1299 3545 quae

256 3565 374 3630 luctum
397 3564 534 3629 amissae
557 3565 671 3629 sororis
693 3572 760 3629 tum
782 3566 918 3649 primum
941 3567 1023 3631 laeto
1044 3567 1129 3632 cultu
1150 3568 1296 3633 mutavit.

104 3664 217 3787 mim
344 3670 394 3733 76.
426 3668 621 3735 Adfluebant
658 3671 857 3736 centuriones
886 3671 1122 3755 monebantque
1151 3679 1298 3757 prompta

97 3803 224 3856 scruta,
255 3773 301 3838 illi
327 3773 487 3856 legionum
518 3772 637 3837 studia:
667 3781 825 3858 repeteret
847 3775 1043 3858 provinciam
1066 3796 1130 3840 non
1152 3774 1221 3840 iure
1244 3777 1297 3841 ab·

253 3877 351 3942 latam
368 3882 400 3941 et
414 3896 557 3941 vacuam.
581 3876 677 3961 igitur
692 3877 769 3961 quid
783 3879 944 3962 agendum
960 3879 1151 3945 consultanti
1165 3879 1206 3944 M.
1223 3879 1297 3944 Piso
