2760 4214
252 166 315 229 114
483 181 532 235 Ab
552 196 669 236 excessu
687 182 720 235 D.
733 180 860 249 Augusti
879 181 922 242 Ill
941 183 1051 236 56-60.

250 356 368 422 socium
394 356 461 421 eius
483 356 657 440 potestatis,
690 376 751 438 quo
774 354 924 420 defuncto
947 354 1107 419 Tiberium
1130 354 1290 418 Neronem

250 459 378 543 delegit,
402 481 443 525 ne
467 480 629 525 successor
651 460 684 523 in
700 460 820 524 incerto
836 458 926 523 foret.
959 458 1005 523 sic
1021 457 1158 523 cohiberi
1175 477 1290 541 pravas

249 563 381 628 aliorum
413 583 486 647 spes
513 565 655 647 1·ebatur;
686 563 779 628 simul
802 562 976 627 modestiae
999 562 1137 626 Neronis
1160 568 1191 626 et
1214 581 1290 626 suae

249 667 462 751 magnitudini
485 667 613 732 fidebat.
646 688 708 750 quo
731 672 806 731 tunc
829 668 975 751 exemplo
991 666 1136 730 liberius
1152 665 1290 730 Drusum

250 791 393 836 summae
415 772 462 835 rei
483 770 642 852 admovet,
667 792 739 835 cum
761 771 911 835 ineolumi
927 770 1116 835 Germanico
1132 771 1290 852 integrum

250 874 332 939 inter
361 872 441 939 duos
470 874 621 938 iudicium
653 875 815 940 tenuisset.
855 874 911 939 sed
938 874 1093 958 principio
1115 874 1290 938 litterarum

251 984 420 1043 veneratus
444 978 529 1060 deoc,
554 985 588 1043 ut
612 980 742 1044 consilia
762 999 819 1043 sua
834 979 880 1043 rei
895 978 1042 1063 publicae
1058 983 1289 1062 prosperarent,

250 1081 376 1146 modica
402 1080 442 1147 de
470 1083 610 1147 moribus
637 1082 851 1148 adulescentis
874 1102 977 1164 neque
1000 1082 1034 1152 in
1058 1082 1171 1146 falsum
1197 1087 1292 1145 aucta

250 1185 376 1251 rettulit.
416 1206 486 1251 esse
508 1187 552 1250 illi
581 1187 748 1271 coniugem
771 1194 803 1252 et
826 1193 889 1252 tres
911 1186 1027 1251 liberos
1051 1205 1185 1267 eamque
1208 1191 1290 1249 aeta-

251 1296 325 1370 tem,
350 1310 411 1372 qua
433 1290 502 1373 ipse
526 1289 685 1372 quondam
707 1311 727 1354 a
750 1289 824 1355 divo
839 1290 983 1374 Augusto
999 1289 1040 1354 ad
1061 1289 1290 1373 capessendum

251 1393 311 1458 hoc
341 1413 456 1458 munus
487 1399 619 1458 vocatus
650 1394 699 1458 sit.
739 1412 843 1476 neque
866 1413 951 1457 nuno
973 1412 1116 1477 propere,
1148 1391 1204 1457 sed
1234 1412 1291 1476 per

251 1503 321 1563 octo
351 1519 453 1563 annos
481 1504 573 1582 capto
601 1498 828 1582 experimento,
860 1497 1048 1581 compressis
1072 1496 1290 1577 seditionibus,

251 1602 431 1686 compositis
446 1602 548 1682 bellis,
565 1600 787 1685 triumphalem
802 1607 834 1665 et
850 1601 899 1666 bis
915 1602 1075 1666 consulem
1092 1600 1158 1665 noti
1173 1601 1291 1665 laboris

251 1707 438 1791 participem
461 1707 552 1772 sumi.

77 1803 231 1917 {2222ss
338 1810 389 1873 bl.
414 1798 648 1894 Praeceperant
663 1810 778 1875 animis
794 1816 862 1874 orat
863 1810 967 1874 ionem
983 1815 1038 1893 pat
1039 1829 1099 1891 res,
1121 1830 1182 1891 quo
1198 1829 1291 1891 quac·

250 1913 291 1979 sit
291 1913 338 1978 ior
360 1913 479 1977 adulat
457 1919 500 1978 rto
524 1913 592 1977 luit.
571 1919 688 1978 tnec
712 1920 819 1978 tamen
842 1918 1001 1997 repertum
1025 1912 1144 1978 nisiut
1167 1912 1291 1996 effigies

250 2016 438 2101 principum,
468 2037 541 2081 aras
572 2016 723 2096 deum,t
710 2016 829 2101 templa
860 2021 891 2080 et
923 2036 1015 2081 arcus
1044 2017 1169 2098 aliaque
1199 2016 1291 2081 solita

252 2126 428 2200 censerent,
451 2119 514 2183 nisi
539 2119 623 2202 quod
645 2120 686 2184 M.
705 2119 831 2186 Silanus
847 2140 888 2184 ex
904 2120 1094 2184 contumelia
1110 2120 1291 2184 consulatus

251 2225 401 2289 honorem
431 2223 628 2308 principibus
656 2224 770 2308 petivit
800 2223 944 2307 dixitque
974 2245 1030 2308 pro
1057 2226 1224 2304 sententia,
1255 2229 1290 2288 ut

251 2327 387 2413 publicis
412 2327 587 2412 privatisve
617 2328 819 2393 monimentis
843 2328 884 2391 ad
906 2329 1091 2393 memoriam
1113 2334 1288 2412 temporum

250 2454 314 2498 non
343 2434 505 2497 consulum
528 2433 658 2497 nomina
679 2433 932 2516 praescriberent
933 2454 978 2514 ur,
1010 2433 1067 2498 sed
1098 2453 1205 2498 eorum
1237 2433 1290 2515 qui

250 2536 452 2601 tribuniciam
474 2543 529 2621 pot
531 2543 599 2602 esta
600 2543 664 2601 tem
686 2544 887 2620 gererenta
867 2536 1034 2613 atQ.tHa
1036 2538 1119 2602 erius
1135 2557 1205 2602 cum
1222 2537 1290 2601 eius

251 2639 315 2706 diei
337 2646 467 2706 senatus
490 2641 634 2705 consulta
656 2641 762 2705 aureis
784 2641 833 2704 litt
807 2641 896 2705 tteris
917 2639 1077 2728 figenda
1069 2662 1101 2704 ιιι
1118 2640 1205 2704 curia
1221 2660 1290 2705 cen-

250 2744 373 2825 suisset,
391 2743 563 2810 deridiculo
580 2745 649 2826 luit,
674 2765 774 2810 senex
791 2745 995 2810 foedissimae
1015 2745 1205 2810 adulationis
1222 2751 1289 2809 tan-

252 2855 316 2912 tum
340 2848 473 2913 infamia
495 2869 617 2914 usurus.

109 2941 207 3052 mffi'ffl
339 2951 390 3015 58.
414 2953 501 3016 Inter
524 2973 605 3034 quae
628 2953 791 3037 provincia
811 2953 920 3016 Africa
939 2953 1029 3016 lunio
1052 2953 1165 3018 Blaeso
1188 2973 1291 3036 proro-

119 3082 195 3124 nnns
251 3062 336 3138 gata
294 3055 490 3120 tServius
505 3056 732 3140 Maluginensis
754 3056 870 3121 flamen
893 3057 1053 3121 Dialisut
1075 3057 1184 3120 Asiam
1208 3063 1290 3120 sorte

88 3153 225 3265 θάΰὲξῑῑῑωῒ
252 3156 385 3222 haberet
372 3163 478 3241 ttpos
466 3158 587 3239 tulavit,
614 3159 695 3224 frust
683 3167 731 3222 tra
753 3159 917 3243 vulgatum
940 3159 1005 3223 dict
992 3160 1088 3224 titans
1110 3180 1174 3224 non
1197 3161 1290 3223 licere

85 3291 227 3342 amum
253 3262 397 3326 Dialibus
421 3262 581 3345 egredilt
569 3263 654 3343 talia,
679 3282 782 3344 neque
805 3262 922 3327 aliud
914 3283 963 3327 rus
987 3284 1078 3328 suum
1102 3284 1197 3345 quam
1212 3264 1291 3326 Mar-

104 3360 266 3483 ffiffiat
253 3367 374 3431 tialium
398 3365 670 3449 Quirinaliumque
692 3367 870 3431 flaminum:
894 3388 995 3451 porro,
1019 3368 1046 3431 si
1069 3367 1102 3430 hi
1125 3366 1292 3432 duxissent

253 3470 442 3554 provincias,
474 3490 529 3534 cur
550 3470 695 3534 Dialibus
717 3469 750 3532 id
773 3490 812 3534 ve
814 3470 926 3534 titum?
950 3471 1037 3534 nulla
1058 3470 1099 3535 de
1123 3490 1160 3535 eo
1182 3470 1290 3555 populi

253 3574 342 3654 scita,
366 3594 429 3638 non
452 3573 485 3637 in
508 3573 596 3638 libris
619 3573 881 3638 caerimoniarum
904 3575 1043 3658 reperiri.
1076 3594 1172 3658 saepe
1192 3574 1292 3657 ponti-

252 3677 329 3741 fices
345 3677 451 3740 Dialia
466 3696 556 3741 sacra
571 3677 695 3758 fecisse,
719 3678 745 3742 si
761 3677 877 3742 damen
893 3677 1076 3742 valetudine
1091 3685 1145 3742 aut
1161 3697 1292 3741 munere

252 3780 378 3865 publico
408 3778 623 3862 impediretur.
663 3780 802 3862 quinque
826 3787 858 3845 et
880 3781 1083 3864 septuaginta
1104 3781 1198 3845 annis
1221 3787 1292 3864 post

60 3886 112 3952 h
242 3883 387 3948 Cornelii
396 3883 540 3950 Merulae
553 3883 856 3951 caedemueminem
869 3885 1045 3965 suffectum,
1070 3904 1173 3967 neque
1184 3890 1293 3949 tamen
