2760 4214
526 885 676 968 LIBER
702 886 728 967 Ι.

214 1096 241 1159 1.
265 1095 385 1160 Urbem
399 1095 534 1160 Romam
554 1114 575 1158 a
593 1093 749 1178 principio
769 1112 862 1177 reges
877 1093 1031 1180 habuere,
1055 1095 1145 1160 liber·
1178 1095 1304 1174 serraquae

105 1205 205 1264 tatem
233 1205 264 1264 et
287 1199 487 1264 ¹consulatum
509 1199 545 1263 L.
569 1199 687 1262 Brutus
714 1197 858 1263 instituit.
905 1197 1081 1264 dictaturae
1103 1200 1146 1264 ad
1164 1161 1317 1278 mm?

106 1311 232 1387 tempus
262 1304 480 1386 sumebantur;
515 1322 619 1385 neque
647 1300 869 1367 decemviralis
895 1308 1037 1386 potestas
1064 1303 1146 1368 ultra

106 1406 281 1488 biennium,
307 1424 411 1489 neque
438 1405 634 1470 tribunorum
662 1405 796 1469 militum
824 1406 989 1470 consulare
1016 1407 1064 1470 ius
1092 1406 1146 1471 diu

105 1510 215 1576 valuit.
261 1511 324 1574 non
356 1510 492 1591 Cinnae,
527 1530 591 1574 non
622 1509 729 1575 Sullae
761 1509 858 1593 longa
891 1508 1079 1595 dominatio;
1115 1517 1146 1576 et

105 1615 237 1698 Pompei
272 1614 448 1696 Crassique
474 1613 617 1698 potentia
651 1614 712 1678 cito
749 1614 781 1677 in
816 1614 994 1696 Caesarem,
1032 1614 1146 1699 Lepidi

96 1725 202 1801 ,atque
231 1717 363 1782 Antonii
392 1737 480 1782 arma
510 1717 544 1781 in
572 1717 752 1802 Augustum
784 1737 916 1798 cessere,
948 1718 1003 1800 qui
1033 1726 1147 1784 cuneta

106 1821 272 1888 discordiis
295 1820 440 1887 civilibus
462 1821 548 1886 fessa
570 1820 699 1886 nomine
722 1821 874 1905 principis
897 1821 955 1886 sub
979 1822 1147 1906 imperium

106 1926 239 2010 aceepit.
264 1923 321 1990 sed
342 1924 460 1989 veteris
481 1923 590 2008 populi
605 1924 741 1989 Romani
762 1944 914 2008 prospera
935 1927 987 1990 vel
1010 1924 1147 1991 adversa

107 2029 199 2095 elaris
215 2028 419 2112 scriptoribus
433 2034 607 2093 memorata
626 2034 713 2112 sunt,
736 2028 995 2112 temporibusque
1010 2029 1146 2113 Augusti

107 2131 252 2198 dicendis
281 2153 346 2197 non
376 2131 506 2196 defuere
536 2131 651 2197 deeora
680 2131 822 2216 ingenia,
857 2130 959 2198 donee
991 2133 1146 2216 gliscente

106 2236 288 2302 adulatione
316 2235 557 2301 deterrerentur.
603 2236 730 2301 Tiberii
747 2237 870 2319 Gaique
898 2243 930 2301 et
957 2235 1081 2304 Claudii
1108 2257 1147 2302 ac

107 2341 244 2407 Neronis
266 2347 317 2406 res
339 2340 525 2406 florentibus
548 2341 626 2424 ipsis
646 2341 686 2405 ob
706 2347 825 2405 metum
845 2340 955 2422 falsae,
978 2347 1146 2425 postquam

108 2445 299 2527 occiderant,
326 2446 506 2511 recentibus
529 2445 610 2510 odiis
634 2444 827 2529 compositae
851 2451 932 2510 sunt.
978 2445 1053 2510 inde
1077 2465 1146 2510 con·

107 2549 212 2616 silium
236 2548 313 2613 mihi
336 2569 438 2634 pauca
460 2548 501 2614 de
522 2549 668 2632 Augusto
692 2554 724 2613 et
746 2556 891 2614 extrema
912 2546 1047 2630 tradere,
1071 2570 1147 2614 mox

106 2653 227 2719 liberii
246 2652 459 2738 principatum
479 2659 511 2717 et
531 2660 646 2733 cetera,
670 2653 738 2718 sine
759 2652 806 2716 ira
826 2659 857 2717 et
877 2651 991 2733 studio,
1015 2672 1146 2735 quorum

108 2777 221 2822 causas
243 2758 352 2841 procul
374 2756 487 2821 habeo.

212 2860 242 2924 2.
267 2862 438 2943 Postquam
471 2862 569 2925 Bruto
607 2866 638 2925 et
672 2860 782 2926 Cassio
820 2860 922 2926 caesis
960 2860 1047 2925 nulla
1083 2860 1148 2923 iam
1168 2875 1316 2928 arrianae

107 2963 237 3048 publica
258 2984 355 3046 arma,
370 2957 553 3048 ¹‘Pompeius
576 2963 661 3047 apud
684 2963 825 3029 Siciliam
848 2983 1018 3047 oppressus
1040 2969 1147 3028 exuto
1183 2945 1301 3067 ,ssw

109 3087 171 3151 que
208 3067 344 3152 Lepido,
387 3068 553 3134 interfecto
590 3066 729 3132 Antonio
771 3086 812 3132 ne
850 3067 981 3132 Iulianis
1018 3067 1147 3150 quidem

107 3172 251 3258 partibus
265 3173 328 3238 nisi
344 3173 461 3239 Caesar
477 3171 543 3238 dux
559 3172 707 3255 reliquus,
731 3171 833 3256 posito
849 3172 1004 3236 triumviri
1019 3172 1147 3237 nomine

109 3276 270 3342 consulem
301 3295 337 3341 se
366 3275 473 3342 ferens
503 3282 535 3340 et
564 3274 607 3340 ad
636 3274 788 3340 tuendam
821 3276 948 3359 plebem
978 3274 1146 3339 tribunicio

108 3378 176 3445 iure
210 3386 402 3464 contentum,
437 3380 492 3445 ubi
526 3379 658 3444 militem
688 3378 790 3460 donis,
824 3378 975 3463 populum
1007 3398 1147 3459 annona,

109 3489 240 3550 cunctos
255 3482 423 3549 dulcedine
439 3484 493 3549 otii
508 3484 649 3567 pellexit,
670 3483 833 3566 insurgere
853 3482 1015 3567 paulatim,
1039 3483 1147 3546 munia

109 3593 238 3652 senatus
271 3587 513 3672 magistratuum
545 3587 652 3671 legum
683 3587 716 3651 in
748 3606 782 3652 se
813 3586 949 3667 trahere,
979 3586 1064 3650 nullo
1094 3584 1147 3649 ad-

109 3698 267 3772 versante,
299 3709 369 3756 cum
400 3690 587 3758 ferocissimi
621 3709 678 3775 per
711 3691 796 3755 acies
830 3696 886 3754 aut
917 3689 1161 3775 proscriptione

110 3793 309 3876 cecidissent,
333 3795 427 3862 ceteri
450 3794 619 3884 nobilium,
642 3803 766 3886 quanto
791 3795 869 3883 quis
888 3792 1032 3862 seruitio
1051 3803 1190 3870 memb·

155 3904 249 3949 daaoleu
261 3905 296 3951 tet
307 3906 402 3956 incitus.
418 3911 435 3958 l.
462 3913 502 3968 (C.
512 3913 603 3974 {preqtuq
618 3915 645 3962 iu
658 3914 759 3972 lrlpqiqb
1080 3893 1104 3937 Χ

1367 3776 1375 3815 l
