2760 4214
18 2185 69 2229 libo
84 2186 137 2230 11111

16 2261 60 2299 uos
74 2255 143 2299 (111111

25 2321 130 2376 11111111,

20 3430 78 3472 trau
91 3433 138 3473 bers

15 3500 77 3541 111111
90 3500 133 3543 unt

24 3570 67 3610 oon
81 3568 135 3612 trio

16 3634 48 3679 ior
62 3637 142 3682 111111

29 3707 148 3759 coornent.
216 3747 222 3760 ,

174 131 216 197 56
417 147 466 202 Ab
486 162 603 202 excessu
620 149 653 202 ll.
667 147 794 218 Augusti
812 148 841 201 II
859 151 971 205 26—30.

174 322 319 388 Tiberius
341 324 491 388 monebat
514 321 630 388 rediret
652 322 694 387 ad
717 321 879 387 decretum
901 321 1109 407 triumphum:
1138 321 1215 386 satis

174 427 238 490 iam
271 432 452 507 eventuum,
487 426 564 491 satis
599 446 737 491 casuum.
776 447 927 511 prospera
957 427 1002 490 illi
1036 432 1068 491 et
1097 445 1215 509 magna

174 531 307 615 proelia:
331 551 439 596 eorum
462 550 586 612 qnoque
601 530 806 610 meminisset,
830 550 912 612 quae
934 530 1024 595 venti
1039 535 1070 594 ct
1090 528 1214 609 fluctus,

174 635 261 700 nulla
283 633 373 699 ducis
396 634 497 717 eulpa,
520 634 632 718 gravia
654 639 761 698 tamen
784 639 816 699 et
839 654 937 698 saeva
959 632 1077 697 damna
1096 632 1214 697 intulis-

174 745 252 804 sent.
292 759 326 803 se
349 738 482 802 noviens
504 758 524 800 1
547 736 621 803 dive
637 737 780 821 Augusto
802 738 837 802 in
857 737 1062 802 Germaniam
1084 736 1215 802 missum

174 843 264 927 plura
299 842 428 906 consilio
462 862 558 924 quam
590 843 622 906 vi
656 842 836 925 perfecisse.
883 843 928 906 sie
958 841 1154 925 Sugambros
1182 841 1214 904 in

174 946 368 1011 deditionem
408 952 564 1029 acceptes,
613 947 659 1010 sie
701 946 823 1012 Suebos
863 965 1033 1030 regemque
1074 944 1214 1009 Marobo-

174 1051 272 1115 duum
303 1071 381 1134 paee
410 1050 603 1114 obstrictum.
643 1070 737 1134 posse
768 1056 799 1114 et
822 1049 998 1115 Cheruscos
1030 1054 1214 1130 ceterasque

174 1154 338 1219 rebellium
366 1161 488 1237 gentes,
524 1155 673 1236 queniam
702 1156 865 1219 Romanae
895 1153 1007 1218 ultioni
1038 1152 1214 1218 consultum

175 1264 268 1339 esset,
302 1259 434 1323 internis
469 1257 634 1323 discordiis
663 1258 807 1340 relinqui.
853 1265 1003 1343 precante
1027 1256 1214 1322 Germanico

173 1383 293 1426 annum
327 1362 504 1427 efficiendis
538 1362 667 1446 coeptis,
702 1362 805 1426 aerius
838 1360 1027 1436 modestiam
1061 1360 1129 1425 eius
1163 1358 1214 1424 ad-

173 1467 315 1550 greditur
336 1467 471 1532 alterum
489 1466 685 1531 consulatum
700 1464 871 1546 efferendo,
895 1466 983 1530 cuius
1004 1464 1114 1528 munia
1128 1484 1215 1548 prae·

174 1592 247 1637 sens
270 1572 380 1636 obiret.
410 1571 503 1635 simul
525 1569 724 1650 adnectebat,
748 1570 774 1634 si
798 1569 879 1633 foret
902 1568 1005 1633 adhuc
1019 1566 1214 1648 bellandum,

173 1675 365 1757 relinqueret
389 1674 552 1738 materiem
576 1675 670 1738 Drusi
694 1673 800 1737 fratris
822 1673 952 1756 gloriae,
976 1672 1029 1755 qui
1045 1672 1132 1736 nullo
1149 1678 1216 1736 tum

174 1778 236 1842 alio
264 1778 353 1842 hoste
377 1798 440 1842 non
464 1778 525 1841 nisi
548 1775 633 1861 apud
658 1777 844 1842 Germanias
866 1776 999 1859 adsequi
1022 1796 1138 1841 nomen
1160 1776 1215 1839 im-

174 1882 364 1965 peratorium
388 1888 419 1944 et
442 1880 608 1965 deportare
630 1881 771 1945 lauream
793 1888 910 1965 posset.
939 1879 1026 1944 haud
1049 1885 1216 1946 cunctatus

175 1991 223 2048 est
245 1985 327 2048 ultra
349 1985 566 2066 Germanicus,
595 2005 786 2067 quamquam
808 1984 887 2068 fingi
910 2005 948 2048 ea
971 2003 1068 2066 seque
1091 2003 1148 2067 per
1170 1983 1216 2049 in-

176 2087 294 2152 vidiam
316 2094 407 2171 parte
430 2089 493 2151 iam
515 2088 622 2154 decori
643 2088 786 2153 abstrahi
807 2089 1012 2172 intellegeret.

261 2192 313 2256 27.
337 2191 401 2256 Sub
425 2191 511 2256 idem
537 2197 662 2276 tempus
689 2211 707 2256 1
733 2193 854 2257 familia
877 2192 1113 2258 Scriboniorum
1134 2191 1216 2256 Libo

174 2298 295 2360 Drusus
319 2295 459 2360 defertur
489 2295 590 2361 meliri
619 2316 669 2361 res
700 2317 808 2361 nevas.
844 2298 912 2362 eius
938 2295 1056 2380 negotii
1078 2295 1216 2377 initium,

174 2399 326 2481 ordinem,
350 2399 446 2463 finem
469 2399 607 2465 curatius
630 2398 793 2481 disseram,
824 2400 899 2482 quia
922 2406 988 2463 tum
1011 2399 1147 2483 primum
1169 2417 1217 2462 re-

173 2509 264 2588 perta
294 2508 367 2568 sunt
398 2524 479 2585 quae
509 2524 566 2587 per
596 2509 641 2568 tot
670 2524 772 2570 annos
794 2524 861 2568 rem
884 2503 1044 2587 publicam
1066 2500 1215 2567 exedere.

173 2607 310 2671 Firmius
333 2608 431 2672 Catus
454 2613 590 2687 senator,
622 2628 664 2672 ex
694 2607 806 2672 intima
832 2607 963 2672 Libonis
990 2607 1139 2687 amicitia,
1171 2605 1217 2671 iu-
1279 2597 1288 2613 ⁸

174 2732 288 2776 venem
315 2709 516 2795 inprovidum
544 2716 575 2774 et
598 2710 724 2775 facilem
746 2711 895 2776 inanibus
916 2710 959 2774 ad
982 2709 1216 2776 Chaldaeorum

174 2816 337 2899 promissa,
369 2834 533 2897 magorum
560 2835 659 2895 saera,
691 2816 884 2881 somniorum
907 2815 1003 2879 etiam
1026 2815 1216 2897 interpretes

173 2918 306 3001 impulit,
341 2917 416 2981 dnm
446 2938 599 3001 proavum
628 2919 823 3002 Pompeium,
855 2919 984 2983 amitam
1007 2918 1214 2999 Scriboniam,

174 3041 256 3103 quae
279 3020 439 3103 quondam
454 3022 589 3105 Augusti
612 3023 751 3087 coniunx
774 3023 886 3102 fuerat,
911 3021 1115 3087 consobrinos
1138 3020 1216 3086 Gae-

174 3144 270 3204 sares,
301 3124 429 3207 plenam
455 3125 647 3209 imaginibus
674 3125 802 3190 domum
831 3131 978 3206 ostentat,
1009 3124 1215 3206 hortaturque

173 3227 215 3293 ad
245 3228 355 3292 luxum
386 3234 417 3293 et
445 3249 500 3293 aes
529 3229 678 3311 alionum,
710 3231 813 3296 socius
835 3229 1003 3294 libidinum
1026 3235 1056 3294 et
1079 3228 1215 3294 necessi-

174 3339 284 3413 tatum,
310 3353 371 3414 quo
394 3332 537 3416 pluribus
560 3332 686 3399 indiciis
708 3334 863 3417 inligaret.

259 3436 310 3501 28.
336 3438 380 3502 Ut
409 3437 487 3502 satis
514 3438 641 3502 testium
670 3444 701 3501 et
729 3439 780 3520 qui
805 3436 888 3502 servi
911 3435 1024 3502 eadem
1045 3442 1216 3502 noscerent

173 3541 321 3624 repperit,
345 3539 467 3604 aditum
490 3540 531 3604 ad
554 3541 731 3625 principem
753 3540 900 3626 postulat,
925 3539 1137 3605 demonstrato
1158 3540 1214 3606 eri-

173 3644 258 3708 mine
281 3650 312 3709 11
334 3664 388 3709 111
407 3665 463 3728 per
479 3644 627 3708 Flaccum
638 3645 856 3725 Vescularium
871 3645 1010 3726 equitem
1025 3646 1214 3726 Romanum,

174 3767 224 3811 crn
246 3748 372 3831 propior
395 3768 467 3812 cum
481 3748 608 3812 Tiberio
628 3767 704 3813 usus
720 3755 796 3812 erat.
829 3749 946 3814 Caesar
961 3748 1113 3812 indicium
1128 3747 1216 3813 haud

174 3858 362 3935 aspernatus
385 3871 572 3935 congressus
594 3853 719 3916 abnuit:
744 3872 837 3936 pesse
861 3852 945 3916 enim
968 3850 1079 3916 codem
1099 3851 1215 3917 Flacco
