2760 4214
508 211 532 248 a.
546 195 579 250 U.
593 210 615 249 c.
629 198 687 252 788.
715 212 741 263 p.
755 193 817 248 Chr.
831 197 872 251 35.
1144 179 1204 243 189

168 369 246 434 satis
268 375 355 433 ratus
377 377 485 433 monet
506 368 670 433 Tiridaten
693 368 918 452 primoresque,
941 369 1035 452 hune,
1059 369 1206 434 Phraatis

167 473 220 536 avi
237 478 269 537 et
283 472 391 536 altoris
407 472 562 552 Caesaris,
588 491 668 553 quae
688 472 854 553 utrobique
869 471 1001 555 pulchra
1016 473 1204 553 meminerit,

167 576 246 657 illos,
277 575 463 657 obsequium
493 576 526 639 in
557 595 675 659 regem,
706 576 916 640 reverentiam
947 576 980 640 in
1009 596 1076 657 nos,
1108 575 1205 642 decus

168 678 414 761 quisque‘suum
437 686 469 744 et
491 678 586 743 fidem
609 680 791 744 retinerent.
824 680 910 743 exim
933 700 1004 744 cum
1027 679 1205 764 legionibus

167 784 201 847 in
224 783 347 849 Suriam
370 783 532 848 remeavit.

254 885 305 950 38.
329 884 419 962 Quae
442 886 565 951 duabus
588 886 762 951 aestatibus
784 892 876 968 gesta
899 887 1060 968 coniunxi,
1084 907 1145 970 quo
1160 907 1206 952 rc·
1231 887 1372 943 aenaeam

168 989 343 1071 quiesceret
358 990 483 1054 animus
498 1010 518 1053 a
533 989 715 1054 domesticis
730 989 838 1074 malis3
856 1010 919 1054 non
936 991 1021 1055 enim
1032 990 1204 1072 Tiberium,
1225 958 1373 1004 mmmm

168 1113 359 1177 quamquam
374 1093 510 1158 triennio
527 1098 599 1176 post
615 1092 744 1158 caedem
761 1092 880 1174 Seiani,
898 1114 979 1175 quae
995 1100 1117 1159 ceteros
1132 1095 1205 1160 mol-

166 1196 223 1261 lirc
246 1198 357 1278 solent,
381 1204 506 1281 tempus
521 1216 632 1280 preces
648 1197 745 1261 satias
761 1196 962 1279 mitigabant,
986 1197 1062 1279 quin
1084 1198 1206 1263 incerta

165 1301 217 1366 vel
239 1301 358 1366 abolita
379 1322 436 1385 pro
451 1300 648 1384 grauissimis
664 1307 696 1365 et
710 1300 891 1365 recentibus
906 1301 1041 1384 puniret.
1065 1321 1103 1366 eo
1118 1308 1205 1366 metu

166 1404 327 1469 Fulcinius
356 1404 441 1485 Trio,
471 1403 649 1488 ingmentis
678 1409 879 1468 accusatores
908 1403 995 1468 haud
1024 1423 1204 1487 perpessus,

167 1503 321 1592 supremis
344 1507 461 1573 tabulis
483 1508 582 1572 multa
605 1513 636 1571 ct
658 1507 777 1571 atrocia
799 1507 832 1570 in
854 1508 1034 1572 Macronem
1056 1527 1096 1572 ac
1118 1528 1205 1591 prae·

166 1611 276 1696 cipuos
306 1610 486 1676 libertorum
514 1611 660 1677 Caesaris
684 1610 858 1693 conposuit,
889 1611 951 1694 ipsi
974 1610 1093 1675 fluxam
1116 1611 1205 1676 senio

165 1724 305 1781 mentem
328 1722 360 1781 et
383 1716 532 1782 continuo
554 1716 706 1781 abscessu
728 1716 816 1780 velut
843 1716 973 1780 exilium
1004 1716 1202 1782 obiectando.

166 1840 248 1902 quae
270 1822 311 1885 ab
335 1819 505 1885 heredibus
527 1820 683 1885 occultata
705 1820 831 1884 recitari
853 1820 1001 1885 Tiberius
1023 1821 1123 1901 iussit,
1152 1841 1204 1904 pa-

165 1924 309 1989 tientiam
339 1925 494 1989 libertatis
520 1925 645 1989 alienae
668 1930 832 1989 ostentans
855 1931 885 1988 et
909 1930 1106 2008 contemptor
1128 1944 1205 1990 suae

165 2027 325 2109 infamiae,
356 2049 399 2092 an
428 2028 581 2093 scelerum
606 2028 714 2094 Seiani
745 2027 798 2091 diu
829 2026 954 2092 nescius
981 2048 1056 2092 mox
1080 2048 1203 2111 quoquo

165 2131 259 2197 modo
292 2131 378 2196 dieta
411 2132 535 2215 vulgari
569 2131 708 2197 malebat
736 2131 953 2214 veritatisque,
986 2133 1036 2196 cui
1065 2131 1205 2197 adulatio

165 2234 274 2315 officit,
308 2255 365 2319 per
397 2236 512 2318 probra
545 2235 657 2299 saltem
687 2255 806 2319 gnarus
836 2233 913 2298 fieri.
959 2234 1061 2300 isdem
1092 2234 1204 2301 diebus

165 2337 302 2403 Granius
324 2339 504 2404 Marcianus
527 2345 663 2419 senator,
690 2359 711 2402 a
738 2339 773 2404 Ο.
791 2337 933 2402 Graccho
956 2339 1131 2403 maiestatis
1153 2359 1205 2423 po-

165 2442 308 2522 stulatus,
342 2442 407 2505 vim
444 2443 530 2507 vitae
564 2461 640 2506 suae
674 2441 788 2521 attulit,
823 2441 1000 2522 Tariusque
1034 2441 1204 2505 Gratianus

164 2552 313 2630 praetura
341 2545 470 2611 functus
499 2547 570 2629 lege
598 2545 710 2610 eadem
738 2551 914 2610 extremum
944 2544 986 2607 ad
1016 2545 1203 2628 supplicium

164 2647 341 2715 damnatus.

251 2753 302 2816 39.
326 2754 395 2818 Nee
418 2753 560 2837 dispares
582 2753 762 2818 Trebelleni
778 2751 848 2816 Rufi
866 2757 898 2815 et
913 2751 1015 2817 Sextii
1031 2751 1204 2816 Paconiani

165 2857 283 2921 exitus:
314 2878 388 2922 nam
411 2858 617 2922 Trebellenus
646 2877 705 2921 sua
727 2875 824 2920 manu
848 2854 972 2936 cecidit,
1004 2856 1204 2921 Paconianus

163 2959 197 3023 in
219 2980 345 3026 carcere
367 2961 408 3026 ob
432 2960 573 3026 carmina
595 2960 659 3025 illie
681 2961 714 3024 in
737 2959 913 3044 principem
937 2958 1082 3023 factitata
1105 2966 1204 3024 stran-

163 3063 289 3148 gulatus
319 3070 375 3129 est.
421 3063 501 3128 haec
523 3063 669 3128 Tiberius
693 3084 757 3129 non
780 3063 871 3143 mari,
903 3067 938 3126 ut
968 3062 1052 3144 olim,
1084 3062 1205 3128 divisus

164 3186 267 3248 neque
292 3177 357 3250 ‘per
389 3167 580 3251 longinquos
614 3167 740 3231 nuntios
774 3165 965 3249 accipiebat,
1004 3165 1061 3230 scd
1094 3167 1204 3231 urbem

164 3268 263 3350 iuxta,
287 3269 398 3335 eodem
422 3276 456 3334 ut
478 3270 531 3334 die
546 3271 597 3334 vel
613 3270 715 3335 noctis
729 3269 897 3334 interiectu
913 3269 1025 3334 litteris
1041 3270 1204 3334 consulum

163 3372 359 3454 rescriberet,
373 3374 462 3455 quasi
474 3374 634 3458 aspiciens
646 3373 820 3438 undantem
833 3371 1007 3456 perdomos
1016 3372 1203 3454 sanguinem

163 3485 218 3540 aut
240 3497 353 3542 manus
376 3477 568 3542 carnificum.
595 3478 660 3543 fine
682 3479 759 3543 anni
782 3479 950 3561 Poppaeus
974 3475 1110 3540 Sabinus
1133 3496 1203 3540 eon·
1251 3476 1298 3521 ἴθ’
1314 3476 1350 3522 ld

164 3581 259 3646 cessit
281 3582 356 3664 vita,
388 3581 531 3647 modicus
559 3583 700 3666 originis,
731 3581 908 3666 principum
932 3578 1072 3643 amicitia
1095 3599 1203 3645 consu·
1240 3545 1358 3660 {zm

163 3685 262 3749 latum
284 3705 322 3750 ac
344 3685 534 3769 triumphale
561 3685 659 3750 decus
681 3684 817 3769 adeptus
840 3682 1053 3765 maximisque
1079 3684 1203 3767 provin-

164 3788 221 3854 ciis
243 3810 300 3874 per
322 3796 469 3872 quattuor
492 3794 523 3854 et
544 3789 659 3874 viginti
685 3809 787 3855 annos
816 3787 982 3871 inpositus,
1013 3787 1131 3851 nullam
1162 3789 1202 3853 ob

163 3894 314 3960 eximiam
334 3901 445 3975 artem,
469 3892 525 3958 sed
549 3893 633 3977 quod
656 3914 714 3980 par
736 3892 875 3979 negotiis
894 3911 1002 3974 neque
1014 3899 1212 3973 sumserat.
