<?xml version="1.0" encoding="UTF-8"?>
<!DOCTYPE html PUBLIC "-//W3C//DTD XHTML 1.0 Transitional//EN"
    "http://www.w3.org/TR/xhtml1/DTD/xhtml1-transitional.dtd">
<html xmlns="http://www.w3.org/1999/xhtml" xml:lang="en" lang="en">
 <head>
  <title>
</title>
<meta http-equiv="Content-Type" content="text/html;charset=utf-8" />
  <meta name='ocr-system' content='tesseract 3.04.00' />
  <meta name='ocr-capabilities' content='ocr_page ocr_carea ocr_par ocr_line ocrx_word'/>
</head>
<body>
  <div class='ocr_page' id='page_1' title='image "./annalen00tacigoog_0198.png"; bbox 0 0 2760 4214; ppageno 0'>
   <div class='ocr_carea' id='block_1_1' title="bbox 81 344 231 611">
    <p class='ocr_par' dir='ltr' id='par_1_1' title="bbox 95 344 220 472">
     <span class='ocr_line' id='line_1_1' title="bbox 95 344 220 401; baseline -0.008 -9"><span class='ocrx_word' id='word_1_1' title='bbox 95 344 220 401; x_wconf 60' lang='lat' dir='ltr'>attendido</span> 
     </span>
     <span class='ocr_line' id='line_1_2' title="bbox 119 419 192 472; baseline 0.014 -10"><span class='ocrx_word' id='word_1_2' title='bbox 119 419 192 472; x_wconf 59' lang='lat' dir='ltr'>&amp;ludat</span> 
     </span>
    </p>

    <p class='ocr_par' dir='ltr' id='par_1_2' title="bbox 81 488 231 611">
     <span class='ocr_line' id='line_1_3' title="bbox 81 488 231 533; baseline 0 -1"><span class='ocrx_word' id='word_1_3' title='bbox 81 488 117 532; x_wconf 71' lang='lat' dir='ltr'>tte</span> <span class='ocrx_word' id='word_1_4' title='bbox 131 488 231 533; x_wconf 64' lang='lat' dir='ltr'>mattiae</span> 
     </span>
     <span class='ocr_line' id='line_1_4' title="bbox 107 558 211 611; baseline 0.01 -9"><span class='ocrx_word' id='word_1_5' title='bbox 107 558 211 611; x_wconf 60' lang='lat' dir='ltr'>uolutat.</span> 
     </span>
    </p>
   </div>
   <div class='ocr_carea' id='block_1_2' title="bbox 77 1386 232 1711">
    <p class='ocr_par' dir='ltr' id='par_1_3' title="bbox 77 1386 232 1711">
     <span class='ocr_line' id='line_1_5' title="bbox 84 1386 232 1441; baseline 0.014 -11"><span class='ocrx_word' id='word_1_6' title='bbox 84 1386 232 1441; x_wconf 65' lang='lat' dir='ltr'>semustas</span> 
     </span>
     <span class='ocr_line' id='line_1_6' title="bbox 84 1457 226 1501; baseline 0.007 -1"><span class='ocrx_word' id='word_1_7' title='bbox 84 1457 121 1501; x_wconf 79' lang='lat' dir='ltr'>ttt</span> <span class='ocrx_word' id='word_1_8' title='bbox 134 1457 226 1501; x_wconf 74' lang='lat' dir='ltr'>nutant</span> 
     </span>
     <span class='ocr_line' id='line_1_7' title="bbox 77 1525 232 1581; baseline 0 -10"><span class='ocrx_word' id='word_1_9' title='bbox 77 1526 128 1581; x_wconf 72' lang='lat' dir='ltr'>rna</span> <span class='ocrx_word' id='word_1_10' title='bbox 144 1525 232 1580; x_wconf 63' lang='lat' dir='ltr'>tiata</span> 
     </span>
     <span class='ocr_line' id='line_1_8' title="bbox 137 1597 173 1640; baseline -0.028 0"><span class='ocrx_word' id='word_1_11' title='bbox 137 1597 173 1640; x_wconf 73' lang='lat' dir='ltr'>tat</span> 
     </span>
     <span class='ocr_line' id='line_1_9' title="bbox 77 1664 231 1711; baseline 0 -1"><span class='ocrx_word' id='word_1_12' title='bbox 77 1664 231 1711; x_wconf 64' lang='lat' dir='ltr'>Germanicus.</span> 
     </span>
    </p>
   </div>
   <div class='ocr_carea' id='block_1_3' title="bbox 77 3252 218 3444">
    <p class='ocr_par' dir='ltr' id='par_1_4' title="bbox 77 3252 218 3444">
     <span class='ocr_line' id='line_1_10' title="bbox 86 3252 212 3305; baseline -0.016 -8"><span class='ocrx_word' id='word_1_13' title='bbox 86 3252 212 3305; x_wconf 64' lang='lat' dir='ltr'>westegata</span> 
     </span>
     <span class='ocr_line' id='line_1_11' title="bbox 116 3331 181 3375; baseline 0 -9"><span class='ocrx_word' id='word_1_14' title='bbox 116 3331 181 3375; x_wconf 69' lang='lat' dir='ltr'>aaran</span> 
     </span>
     <span class='ocr_line' id='line_1_12' title="bbox 77 3391 218 3444; baseline 0.014 -9"><span class='ocrx_word' id='word_1_15' title='bbox 77 3391 218 3444; x_wconf 52' lang='lat' dir='ltr'>bocauna.</span> 
     </span>
    </p>
   </div>
   <div class='ocr_carea' id='block_1_4' title="bbox 257 159 1052 244">
    <p class='ocr_par' dir='ltr' id='par_1_5' title="bbox 257 159 1052 244">
     <span class='ocr_line' id='line_1_13' title="bbox 257 159 1052 244; baseline 0.011 -24"><span class='ocrx_word' id='word_1_16' title='bbox 257 159 318 223; x_wconf 79' lang='lat'>176</span> <span class='ocrx_word' id='word_1_17' title='bbox 490 175 538 229; x_wconf 89' lang='lat' dir='ltr'>Ab</span> <span class='ocrx_word' id='word_1_18' title='bbox 558 189 674 228; x_wconf 83' lang='lat' dir='ltr'>excessu</span> <span class='ocrx_word' id='word_1_19' title='bbox 691 175 724 228; x_wconf 90' lang='lat' dir='ltr'>D.</span> <span class='ocrx_word' id='word_1_20' title='bbox 738 175 864 244; x_wconf 82' lang='lat' dir='ltr'><strong>Augusti</strong></span> <span class='ocrx_word' id='word_1_21' title='bbox 881 175 922 230; x_wconf 87' lang='lat' dir='ltr'>Vl</span> <span class='ocrx_word' id='word_1_22' title='bbox 942 178 1052 232; x_wconf 79' lang='lat'>14-18.</span> 
     </span>
    </p>
   </div>
   <div class='ocr_carea' id='block_1_5' title="bbox 251 349 1295 1264">
    <p class='ocr_par' dir='ltr' id='par_1_6' title="bbox 251 349 1295 1264">
     <span class='ocr_line' id='line_1_14' title="bbox 254 349 1295 434; baseline 0.002 -20"><span class='ocrx_word' id='word_1_23' title='bbox 254 349 456 434; x_wconf 81' lang='lat' dir='ltr'>prodigentia</span> <span class='ocrx_word' id='word_1_24' title='bbox 477 370 572 433; x_wconf 94' lang='lat' dir='ltr'>opum</span> <span class='ocrx_word' id='word_1_25' title='bbox 595 369 633 413; x_wconf 92' lang='lat' dir='ltr'>ac</span> <span class='ocrx_word' id='word_1_26' title='bbox 655 349 787 414; x_wconf 91' lang='lat' dir='ltr'>mollitia</span> <span class='ocrx_word' id='word_1_27' title='bbox 809 349 895 414; x_wconf 86' lang='lat' dir='ltr'>vitae</span> <span class='ocrx_word' id='word_1_28' title='bbox 917 349 1038 415; x_wconf 88' lang='lat' dir='ltr'>amicus</span> <span class='ocrx_word' id='word_1_29' title='bbox 1060 349 1186 432; x_wconf 83' lang='lat' dir='ltr'>Seiano,</span> <span class='ocrx_word' id='word_1_30' title='bbox 1214 351 1295 417; x_wconf 91' lang='lat' dir='ltr'>nibil</span> 
     </span>
     <span class='ocr_line' id='line_1_15' title="bbox 253 452 1292 519; baseline 0.001 -1"><span class='ocrx_word' id='word_1_31' title='bbox 253 452 296 518; x_wconf 89' lang='lat' dir='ltr'>ad</span> <span class='ocrx_word' id='word_1_32' title='bbox 318 454 443 519; x_wconf 89' lang='lat' dir='ltr'>serium.</span> <span class='ocrx_word' id='word_1_33' title='bbox 482 459 514 518; x_wconf 92' lang='lat' dir='ltr'>et</span> <span class='ocrx_word' id='word_1_34' title='bbox 536 453 635 517; x_wconf 94' lang='lat' dir='ltr'>Iulius</span> <span class='ocrx_word' id='word_1_35' title='bbox 659 453 769 518; x_wconf 79' lang='lat' dir='ltr'>Celsus</span> <span class='ocrx_word' id='word_1_36' title='bbox 792 453 937 518; x_wconf 92' lang='lat' dir='ltr'>tribunus</span> <span class='ocrx_word' id='word_1_37' title='bbox 958 452 992 517; x_wconf 91' lang='lat' dir='ltr'>iu</span> <span class='ocrx_word' id='word_1_38' title='bbox 1014 453 1128 518; x_wconf 84' lang='lat' dir='ltr'>vinclis</span> <span class='ocrx_word' id='word_1_39' title='bbox 1150 455 1292 519; x_wconf 83' lang='lat' dir='ltr'>laxatam</span> 
     </span>
     <span class='ocr_line' id='line_1_16' title="bbox 253 555 1293 644; baseline 0.002 -22"><span class='ocrx_word' id='word_1_40' title='bbox 253 564 399 623; x_wconf 89' lang='lat' dir='ltr'>catenam</span> <span class='ocrx_word' id='word_1_41' title='bbox 422 563 454 623; x_wconf 90' lang='lat' dir='ltr'>et</span> <span class='ocrx_word' id='word_1_42' title='bbox 476 555 702 622; x_wconf 81' lang='lat' dir='ltr'><strong>circumdatam</strong></span> <span class='ocrx_word' id='word_1_43' title='bbox 725 557 758 621; x_wconf 94' lang='lat' dir='ltr'>in</span> <span class='ocrx_word' id='word_1_44' title='bbox 782 556 941 622; x_wconf 86' lang='lat' dir='ltr'>diversum</span> <span class='ocrx_word' id='word_1_45' title='bbox 964 557 1099 623; x_wconf 91' lang='lat' dir='ltr'>tendens</span> <span class='ocrx_word' id='word_1_46' title='bbox 1118 578 1208 623; x_wconf 93' lang='lat' dir='ltr'>suam</span> <span class='ocrx_word' id='word_1_47' title='bbox 1224 560 1293 644; x_wconf 93' lang='lat' dir='ltr'>ipse</span> 
     </span>
     <span class='ocr_line' id='line_1_17' title="bbox 253 661 1293 747; baseline 0.003 -21"><span class='ocrx_word' id='word_1_48' title='bbox 253 663 408 728; x_wconf 86' lang='lat' dir='ltr'>cervicem</span> <span class='ocrx_word' id='word_1_49' title='bbox 430 661 592 745; x_wconf 83' lang='lat' dir='ltr'><strong>perfregit.</strong></span> <span class='ocrx_word' id='word_1_50' title='bbox 617 667 649 726; x_wconf 91' lang='lat' dir='ltr'>at</span> <span class='ocrx_word' id='word_1_51' title='bbox 671 661 790 727; x_wconf 88' lang='lat' dir='ltr'>Rubrio</span> <span class='ocrx_word' id='word_1_52' title='bbox 813 662 945 742; x_wconf 84' lang='lat' dir='ltr'>Fabato,</span> <span class='ocrx_word' id='word_1_53' title='bbox 968 667 1131 744; x_wconf 85' lang='lat' dir='ltr'>tamquam</span> <span class='ocrx_word' id='word_1_54' title='bbox 1147 661 1293 747; x_wconf 88' lang='lat' dir='ltr'>despera·</span> 
     </span>
     <span class='ocr_line' id='line_1_18' title="bbox 252 764 1290 851; baseline 0.003 -21"><span class='ocrx_word' id='word_1_55' title='bbox 252 766 293 831; x_wconf 93' lang='lat' dir='ltr'>tis</span> <span class='ocrx_word' id='word_1_56' title='bbox 315 766 411 830; x_wconf 90' lang='lat' dir='ltr'>rebus</span> <span class='ocrx_word' id='word_1_57' title='bbox 433 765 586 831; x_wconf 87' lang='lat' dir='ltr'>Romanis</span> <span class='ocrx_word' id='word_1_58' title='bbox 608 764 796 830; x_wconf 87' lang='lat' dir='ltr'>Parthorum</span> <span class='ocrx_word' id='word_1_59' title='bbox 818 764 862 829; x_wconf 93' lang='lat' dir='ltr'>ad</span> <span class='ocrx_word' id='word_1_60' title='bbox 883 764 1132 830; x_wconf 87' lang='lat' dir='ltr'>misericordiam</span> <span class='ocrx_word' id='word_1_61' title='bbox 1154 766 1290 851; x_wconf 92' lang='lat' dir='ltr'>fugeret,</span> 
     </span>
     <span class='ocr_line' id='line_1_19' title="bbox 253 868 1292 953; baseline 0.002 -19"><span class='ocrx_word' id='word_1_62' title='bbox 253 869 400 939; x_wconf 84' lang='lat' dir='ltr'>custodes</span> <span class='ocrx_word' id='word_1_63' title='bbox 421 868 531 933; x_wconf 91' lang='lat' dir='ltr'>additi.</span> <span class='ocrx_word' id='word_1_64' title='bbox 577 888 655 934; x_wconf 92' lang='lat' dir='ltr'>sane</span> <span class='ocrx_word' id='word_1_65' title='bbox 684 869 712 933; x_wconf 93' lang='lat' dir='ltr'>is</span> <span class='ocrx_word' id='word_1_66' title='bbox 741 876 884 952; x_wconf 89' lang='lat' dir='ltr'>repertus</span> <span class='ocrx_word' id='word_1_67' title='bbox 910 868 998 953; x_wconf 90' lang='lat' dir='ltr'>apud</span> <span class='ocrx_word' id='word_1_68' title='bbox 1023 869 1139 934; x_wconf 93' lang='lat' dir='ltr'>fretum</span> <span class='ocrx_word' id='word_1_69' title='bbox 1163 870 1292 936; x_wconf 84' lang='lat' dir='ltr'>Siciliae</span> 
     </span>
     <span class='ocr_line' id='line_1_20' title="bbox 251 973 1292 1057; baseline 0.002 -19"><span class='ocrx_word' id='word_1_70' title='bbox 251 979 468 1055; x_wconf 78' lang='lat' dir='ltr'>retractusque</span> <span class='ocrx_word' id='word_1_71' title='bbox 500 993 558 1056; x_wconf 90' lang='lat' dir='ltr'>per</span> <span class='ocrx_word' id='word_1_72' title='bbox 591 973 805 1038; x_wconf 88' lang='lat' dir='ltr'>centurionem</span> <span class='ocrx_word' id='word_1_73' title='bbox 835 973 937 1037; x_wconf 92' lang='lat' dir='ltr'>nullas</span> <span class='ocrx_word' id='word_1_74' title='bbox 966 974 1147 1057; x_wconf 89' lang='lat' dir='ltr'>probabiles</span> <span class='ocrx_word' id='word_1_75' title='bbox 1177 995 1292 1040; x_wconf 91' lang='lat' dir='ltr'>causas</span> 
     </span>
     <span class='ocr_line' id='line_1_21' title="bbox 252 1076 1291 1162; baseline 0.003 -21"><span class='ocrx_word' id='word_1_76' title='bbox 252 1077 444 1162; x_wconf 83' lang='lat' dir='ltr'>longinquae</span> <span class='ocrx_word' id='word_1_77' title='bbox 467 1076 729 1161; x_wconf 81' lang='lat' dir='ltr'>peregrinationis</span> <span class='ocrx_word' id='word_1_78' title='bbox 752 1076 931 1142; x_wconf 89' lang='lat' dir='ltr'>adferebat:</span> <span class='ocrx_word' id='word_1_79' title='bbox 962 1078 1079 1142; x_wconf 90' lang='lat' dir='ltr'>mansit</span> <span class='ocrx_word' id='word_1_80' title='bbox 1107 1083 1217 1143; x_wconf 88' lang='lat' dir='ltr'>tamen</span> <span class='ocrx_word' id='word_1_81' title='bbox 1246 1080 1291 1144; x_wconf 90' lang='lat' dir='ltr'>iu-</span> 
     </span>
     <span class='ocr_line' id='line_1_22' title="bbox 252 1180 1016 1264; baseline 0 -18"><span class='ocrx_word' id='word_1_82' title='bbox 252 1180 393 1263; x_wconf 92' lang='lat' dir='ltr'>columis,</span> <span class='ocrx_word' id='word_1_83' title='bbox 417 1180 575 1246; x_wconf 86' lang='lat' dir='ltr'>oblivione</span> <span class='ocrx_word' id='word_1_84' title='bbox 597 1181 699 1264; x_wconf 91' lang='lat' dir='ltr'>magis</span> <span class='ocrx_word' id='word_1_85' title='bbox 722 1199 816 1262; x_wconf 94' lang='lat' dir='ltr'>quam</span> <span class='ocrx_word' id='word_1_86' title='bbox 840 1180 1016 1246; x_wconf 88' lang='lat' dir='ltr'>elementia.</span> 
     </span>
    </p>
   </div>
   <div class='ocr_carea' id='block_1_6' title="bbox 240 1388 1289 3860">
    <p class='ocr_par' dir='ltr' id='par_1_7' title="bbox 243 1388 1289 3233">
     <span class='ocr_line' id='line_1_23' title="bbox 340 1388 1289 1472; baseline 0.004 -22"><span class='ocrx_word' id='word_1_87' title='bbox 340 1389 389 1453; x_wconf 82' lang='lat'>15.</span> <span class='ocrx_word' id='word_1_88' title='bbox 421 1389 487 1454; x_wconf 84' lang='lat' dir='ltr'>Ser.</span> <span class='ocrx_word' id='word_1_89' title='bbox 516 1388 618 1454; x_wconf 78' lang='lat' dir='ltr'>Galba</span> <span class='ocrx_word' id='word_1_90' title='bbox 652 1389 687 1452; x_wconf 91' lang='lat' dir='ltr'>L.</span> <span class='ocrx_word' id='word_1_91' title='bbox 716 1388 803 1454; x_wconf 87' lang='lat' dir='ltr'>Sulla</span> <span class='ocrx_word' id='word_1_92' title='bbox 837 1388 1017 1453; x_wconf 92' lang='lat' dir='ltr'>consulibus</span> <span class='ocrx_word' id='word_1_93' title='bbox 1051 1388 1105 1452; x_wconf 94' lang='lat' dir='ltr'>diu</span> <span class='ocrx_word' id='word_1_94' title='bbox 1136 1389 1289 1472; x_wconf 89' lang='lat' dir='ltr'>quaesito,</span> 
     </span>
     <span class='ocr_line' id='line_1_24' title="bbox 250 1491 1286 1576; baseline 0.002 -20"><span class='ocrx_word' id='word_1_95' title='bbox 250 1512 328 1574; x_wconf 92' lang='lat' dir='ltr'>quos</span> <span class='ocrx_word' id='word_1_96' title='bbox 357 1492 505 1575; x_wconf 88' lang='lat' dir='ltr'>neptibus</span> <span class='ocrx_word' id='word_1_97' title='bbox 532 1493 597 1557; x_wconf 91' lang='lat' dir='ltr'>suis</span> <span class='ocrx_word' id='word_1_98' title='bbox 619 1491 748 1556; x_wconf 88' lang='lat' dir='ltr'>maritos</span> <span class='ocrx_word' id='word_1_99' title='bbox 771 1491 944 1557; x_wconf 91' lang='lat' dir='ltr'>destinaret</span> <span class='ocrx_word' id='word_1_100' title='bbox 967 1492 1093 1573; x_wconf 83' lang='lat' dir='ltr'>Caesar,</span> <span class='ocrx_word' id='word_1_101' title='bbox 1116 1499 1286 1576; x_wconf 91' lang='lat' dir='ltr'>postquam</span> 
     </span>
     <span class='ocr_line' id='line_1_25' title="bbox 248 1595 1286 1681; baseline 0.002 -22"><span class='ocrx_word' id='word_1_102' title='bbox 248 1596 389 1661; x_wconf 90' lang='lat' dir='ltr'>instabat</span> <span class='ocrx_word' id='word_1_103' title='bbox 411 1596 569 1680; x_wconf 84' lang='lat' dir='ltr'>virgiuum</span> <span class='ocrx_word' id='word_1_104' title='bbox 592 1603 691 1677; x_wconf 81' lang='lat' dir='ltr'>actae,</span> <span class='ocrx_word' id='word_1_105' title='bbox 722 1596 757 1659; x_wconf 91' lang='lat' dir='ltr'>L.</span> <span class='ocrx_word' id='word_1_106' title='bbox 782 1595 937 1677; x_wconf 79' lang='lat' dir='ltr'>Cassium,</span> <span class='ocrx_word' id='word_1_107' title='bbox 961 1597 1001 1660; x_wconf 92' lang='lat' dir='ltr'>M.</span> <span class='ocrx_word' id='word_1_108' title='bbox 1018 1596 1177 1661; x_wconf 91' lang='lat' dir='ltr'>Vinicium</span> <span class='ocrx_word' id='word_1_109' title='bbox 1200 1598 1286 1681; x_wconf 90' lang='lat' dir='ltr'>legit.</span> 
     </span>
     <span class='ocr_line' id='line_1_26' title="bbox 249 1699 1288 1784; baseline 0.003 -21"><span class='ocrx_word' id='word_1_110' title='bbox 249 1700 374 1766; x_wconf 89' lang='lat' dir='ltr'>Vinicio</span> <span class='ocrx_word' id='word_1_111' title='bbox 390 1699 584 1784; x_wconf 90' lang='lat' dir='ltr'>oppidanum</span> <span class='ocrx_word' id='word_1_112' title='bbox 599 1718 714 1783; x_wconf 89' lang='lat' dir='ltr'>genus:</span> <span class='ocrx_word' id='word_1_113' title='bbox 739 1699 869 1765; x_wconf 83' lang='lat' dir='ltr'>Oalibus</span> <span class='ocrx_word' id='word_1_114' title='bbox 891 1705 986 1779; x_wconf 89' lang='lat' dir='ltr'>ortus,</span> <span class='ocrx_word' id='word_1_115' title='bbox 1010 1705 1101 1784; x_wconf 91' lang='lat' dir='ltr'>patre</span> <span class='ocrx_word' id='word_1_116' title='bbox 1116 1707 1212 1782; x_wconf 90' lang='lat' dir='ltr'>atque</span> <span class='ocrx_word' id='word_1_117' title='bbox 1227 1721 1288 1766; x_wconf 86' lang='lat' dir='ltr'>avo</span> 
     </span>
     <span class='ocr_line' id='line_1_27' title="bbox 249 1801 1288 1888; baseline 0.002 -20"><span class='ocrx_word' id='word_1_118' title='bbox 249 1803 478 1883; x_wconf 90' lang='lat' dir='ltr'>consularibus,</span> <span class='ocrx_word' id='word_1_119' title='bbox 508 1808 614 1867; x_wconf 90' lang='lat' dir='ltr'>cetera</span> <span class='ocrx_word' id='word_1_120' title='bbox 636 1801 774 1884; x_wconf 90' lang='lat' dir='ltr'>equestri</span> <span class='ocrx_word' id='word_1_121' title='bbox 796 1802 918 1867; x_wconf 91' lang='lat' dir='ltr'>familia</span> <span class='ocrx_word' id='word_1_122' title='bbox 941 1810 1017 1883; x_wconf 91' lang='lat' dir='ltr'>erat,</span> <span class='ocrx_word' id='word_1_123' title='bbox 1050 1804 1135 1869; x_wconf 91' lang='lat' dir='ltr'>mitis</span> <span class='ocrx_word' id='word_1_124' title='bbox 1157 1804 1288 1888; x_wconf 89' lang='lat' dir='ltr'>ingenio</span> 
     </span>
     <span class='ocr_line' id='line_1_28' title="bbox 249 1904 1286 1991; baseline 0.002 -20"><span class='ocrx_word' id='word_1_125' title='bbox 249 1913 281 1972; x_wconf 92' lang='lat' dir='ltr'>et</span> <span class='ocrx_word' id='word_1_126' title='bbox 304 1912 449 1990; x_wconf 90' lang='lat' dir='ltr'>comptae</span> <span class='ocrx_word' id='word_1_127' title='bbox 471 1904 649 1970; x_wconf 88' lang='lat' dir='ltr'>facundiae.</span> <span class='ocrx_word' id='word_1_128' title='bbox 696 1905 825 1971; x_wconf 78' lang='lat' dir='ltr'>Cassius</span> <span class='ocrx_word' id='word_1_129' title='bbox 854 1906 971 1989; x_wconf 89' lang='lat' dir='ltr'>plebeii</span> <span class='ocrx_word' id='word_1_130' title='bbox 998 1908 1118 1971; x_wconf 89' lang='lat' dir='ltr'>Romae</span> <span class='ocrx_word' id='word_1_131' title='bbox 1148 1908 1286 1991; x_wconf 88' lang='lat' dir='ltr'>generis,</span> 
     </span>
     <span class='ocr_line' id='line_1_29' title="bbox 248 2009 1288 2095; baseline 0.001 -21"><span class='ocrx_word' id='word_1_132' title='bbox 248 2030 358 2074; x_wconf 87' lang='lat' dir='ltr'>verum</span> <span class='ocrx_word' id='word_1_133' title='bbox 388 2009 510 2090; x_wconf 91' lang='lat' dir='ltr'>antiqui</span> <span class='ocrx_word' id='word_1_134' title='bbox 541 2009 758 2091; x_wconf 90' lang='lat' dir='ltr'>honoratique,</span> <span class='ocrx_word' id='word_1_135' title='bbox 790 2016 821 2074; x_wconf 90' lang='lat' dir='ltr'>et</span> <span class='ocrx_word' id='word_1_136' title='bbox 851 2029 962 2074; x_wconf 86' lang='lat' dir='ltr'>severa</span> <span class='ocrx_word' id='word_1_137' title='bbox 991 2011 1088 2093; x_wconf 90' lang='lat' dir='ltr'>patris</span> <span class='ocrx_word' id='word_1_138' title='bbox 1119 2009 1288 2095; x_wconf 91' lang='lat' dir='ltr'>disciplina</span> 
     </span>
     <span class='ocr_line' id='line_1_30' title="bbox 248 2111 1285 2197; baseline 0.003 -21"><span class='ocrx_word' id='word_1_139' title='bbox 248 2111 381 2177; x_wconf 93' lang='lat' dir='ltr'>eductus</span> <span class='ocrx_word' id='word_1_140' title='bbox 396 2112 550 2177; x_wconf 76' lang='lat' dir='ltr'>facilitate</span> <span class='ocrx_word' id='word_1_141' title='bbox 565 2113 692 2197; x_wconf 89' lang='lat' dir='ltr'>saepius</span> <span class='ocrx_word' id='word_1_142' title='bbox 708 2133 803 2195; x_wconf 92' lang='lat' dir='ltr'>quam</span> <span class='ocrx_word' id='word_1_143' title='bbox 818 2112 973 2177; x_wconf 91' lang='lat' dir='ltr'>industria</span> <span class='ocrx_word' id='word_1_144' title='bbox 994 2112 1285 2180; x_wconf 85' lang='lat' dir='ltr'>commendabatur.</span> 
     </span>
     <span class='ocr_line' id='line_1_31' title="bbox 247 2216 1287 2298; baseline 0.004 -19"><span class='ocrx_word' id='word_1_145' title='bbox 247 2216 321 2280; x_wconf 90' lang='lat' dir='ltr'>huie</span> <span class='ocrx_word' id='word_1_146' title='bbox 343 2216 524 2296; x_wconf 91' lang='lat' dir='ltr'>Drusillam,</span> <span class='ocrx_word' id='word_1_147' title='bbox 547 2216 671 2280; x_wconf 90' lang='lat' dir='ltr'>Vinicio</span> <span class='ocrx_word' id='word_1_148' title='bbox 687 2217 798 2280; x_wconf 88' lang='lat' dir='ltr'>Iuliam</span> <span class='ocrx_word' id='word_1_149' title='bbox 815 2216 1003 2282; x_wconf 83' lang='lat' dir='ltr'>Germanico</span> <span class='ocrx_word' id='word_1_150' title='bbox 1018 2216 1144 2298; x_wconf 87' lang='lat' dir='ltr'>genitas</span> <span class='ocrx_word' id='word_1_151' title='bbox 1160 2219 1287 2284; x_wconf 89' lang='lat' dir='ltr'>coniun-</span> 
     </span>
     <span class='ocr_line' id='line_1_32' title="bbox 246 2320 1285 2404; baseline 0.004 -21"><span class='ocrx_word' id='word_1_152' title='bbox 246 2320 294 2404; x_wconf 92' lang='lat' dir='ltr'>git</span> <span class='ocrx_word' id='word_1_153' title='bbox 316 2340 473 2404; x_wconf 91' lang='lat' dir='ltr'>superque</span> <span class='ocrx_word' id='word_1_154' title='bbox 496 2340 535 2384; x_wconf 88' lang='lat' dir='ltr'>ea</span> <span class='ocrx_word' id='word_1_155' title='bbox 557 2341 591 2385; x_wconf 95' lang='lat' dir='ltr'>re</span> <span class='ocrx_word' id='word_1_156' title='bbox 614 2320 737 2386; x_wconf 90' lang='lat' dir='ltr'>senatui</span> <span class='ocrx_word' id='word_1_157' title='bbox 760 2320 877 2401; x_wconf 84' lang='lat' dir='ltr'>scribit,</span> <span class='ocrx_word' id='word_1_158' title='bbox 909 2321 972 2385; x_wconf 86' lang='lat' dir='ltr'>levi</span> <span class='ocrx_word' id='word_1_159' title='bbox 1000 2341 1070 2385; x_wconf 94' lang='lat' dir='ltr'>cum</span> <span class='ocrx_word' id='word_1_160' title='bbox 1097 2320 1215 2387; x_wconf 92' lang='lat' dir='ltr'>honore</span> <span class='ocrx_word' id='word_1_161' title='bbox 1242 2323 1285 2388; x_wconf 94' lang='lat' dir='ltr'>iu-</span> 
     </span>
     <span class='ocr_line' id='line_1_33' title="bbox 246 2422 1286 2509; baseline 0.004 -22"><span class='ocrx_word' id='word_1_162' title='bbox 246 2443 371 2488; x_wconf 87' lang='lat' dir='ltr'>venum.</span> <span class='ocrx_word' id='word_1_163' title='bbox 418 2423 493 2488; x_wconf 91' lang='lat' dir='ltr'>dein</span> <span class='ocrx_word' id='word_1_164' title='bbox 523 2422 656 2489; x_wconf 91' lang='lat' dir='ltr'>redditis</span> <span class='ocrx_word' id='word_1_165' title='bbox 685 2424 849 2488; x_wconf 91' lang='lat' dir='ltr'>absentiae</span> <span class='ocrx_word' id='word_1_166' title='bbox 873 2423 976 2489; x_wconf 87' lang='lat' dir='ltr'>causis</span> <span class='ocrx_word' id='word_1_167' title='bbox 998 2423 1169 2489; x_wconf 92' lang='lat' dir='ltr'>admodum</span> <span class='ocrx_word' id='word_1_168' title='bbox 1192 2427 1286 2509; x_wconf 87' lang='lat' dir='ltr'>vagis</span> 
     </span>
     <span class='ocr_line' id='line_1_34' title="bbox 245 2527 1285 2615; baseline 0.002 -23"><span class='ocrx_word' id='word_1_169' title='bbox 245 2527 335 2593; x_wconf 85' lang='lat' dir='ltr'>flexit</span> <span class='ocrx_word' id='word_1_170' title='bbox 358 2527 400 2592; x_wconf 88' lang='lat' dir='ltr'>ad</span> <span class='ocrx_word' id='word_1_171' title='bbox 422 2527 570 2612; x_wconf 88' lang='lat' dir='ltr'>graviora</span> <span class='ocrx_word' id='word_1_172' title='bbox 593 2534 624 2592; x_wconf 91' lang='lat' dir='ltr'>et</span> <span class='ocrx_word' id='word_1_173' title='bbox 646 2529 837 2593; x_wconf 89' lang='lat' dir='ltr'>offensiones</span> <span class='ocrx_word' id='word_1_174' title='bbox 859 2529 898 2593; x_wconf 94' lang='lat' dir='ltr'>ob</span> <span class='ocrx_word' id='word_1_175' title='bbox 922 2548 988 2592; x_wconf 93' lang='lat' dir='ltr'>rem</span> <span class='ocrx_word' id='word_1_176' title='bbox 1011 2529 1171 2612; x_wconf 89' lang='lat' dir='ltr'>publicam</span> <span class='ocrx_word' id='word_1_177' title='bbox 1195 2550 1285 2615; x_wconf 83' lang='lat' dir='ltr'>coep</span> 
     </span>
     <span class='ocr_line' id='line_1_35' title="bbox 245 2631 1283 2716; baseline 0.002 -20"><span class='ocrx_word' id='word_1_178' title='bbox 245 2638 304 2712; x_wconf 90' lang='lat' dir='ltr'>tas,</span> <span class='ocrx_word' id='word_1_179' title='bbox 321 2639 418 2715; x_wconf 93' lang='lat' dir='ltr'>utque</span> <span class='ocrx_word' id='word_1_180' title='bbox 429 2633 534 2696; x_wconf 89' lang='lat' dir='ltr'>Macro</span> <span class='ocrx_word' id='word_1_181' title='bbox 550 2631 729 2716; x_wconf 87' lang='lat' dir='ltr'>praefectus</span> <span class='ocrx_word' id='word_1_182' title='bbox 745 2631 1002 2713; x_wconf 92' lang='lat' dir='ltr'>tribunorumque</span> <span class='ocrx_word' id='word_1_183' title='bbox 1018 2638 1050 2696; x_wconf 90' lang='lat' dir='ltr'>et</span> <span class='ocrx_word' id='word_1_184' title='bbox 1065 2633 1283 2698; x_wconf 89' lang='lat' dir='ltr'>centurionum</span> 
     </span>
     <span class='ocr_line' id='line_1_36' title="bbox 245 2734 1283 2819; baseline 0 -19"><span class='ocrx_word' id='word_1_185' title='bbox 245 2737 338 2819; x_wconf 88' lang='lat' dir='ltr'>pauci</span> <span class='ocrx_word' id='word_1_186' title='bbox 373 2755 479 2801; x_wconf 90' lang='lat' dir='ltr'>secum</span> <span class='ocrx_word' id='word_1_187' title='bbox 513 2735 687 2815; x_wconf 83' lang='lat' dir='ltr'>introirent,</span> <span class='ocrx_word' id='word_1_188' title='bbox 723 2736 868 2817; x_wconf 89' lang='lat' dir='ltr'>quotiens</span> <span class='ocrx_word' id='word_1_189' title='bbox 902 2736 1020 2799; x_wconf 92' lang='lat' dir='ltr'>curiam</span> <span class='ocrx_word' id='word_1_190' title='bbox 1054 2734 1283 2819; x_wconf 89' lang='lat' dir='ltr'>ingrederetur,</span> 
     </span>
     <span class='ocr_line' id='line_1_37' title="bbox 244 2839 1285 2924; baseline 0.001 -20"><span class='ocrx_word' id='word_1_191' title='bbox 244 2840 366 2923; x_wconf 88' lang='lat' dir='ltr'>petivit.</span> <span class='ocrx_word' id='word_1_192' title='bbox 390 2839 537 2922; x_wconf 86' lang='lat' dir='ltr'>factoque</span> <span class='ocrx_word' id='word_1_193' title='bbox 560 2840 647 2922; x_wconf 89' lang='lat' dir='ltr'>large</span> <span class='ocrx_word' id='word_1_194' title='bbox 671 2845 701 2903; x_wconf 91' lang='lat' dir='ltr'>et</span> <span class='ocrx_word' id='word_1_195' title='bbox 724 2839 793 2904; x_wconf 91' lang='lat' dir='ltr'>sine</span> <span class='ocrx_word' id='word_1_196' title='bbox 815 2840 1062 2923; x_wconf 87' lang='lat' dir='ltr'>praescriptione</span> <span class='ocrx_word' id='word_1_197' title='bbox 1084 2840 1212 2924; x_wconf 91' lang='lat' dir='ltr'>generis</span> <span class='ocrx_word' id='word_1_198' title='bbox 1227 2848 1285 2905; x_wconf 91' lang='lat' dir='ltr'>aut</span> 
     </span>
     <span class='ocr_line' id='line_1_38' title="bbox 244 2943 1283 3024; baseline 0.004 -18"><span class='ocrx_word' id='word_1_199' title='bbox 244 2944 367 3007; x_wconf 88' lang='lat' dir='ltr'>numeri</span> <span class='ocrx_word' id='word_1_200' title='bbox 397 2948 526 3008; x_wconf 90' lang='lat' dir='ltr'>senatus</span> <span class='ocrx_word' id='word_1_201' title='bbox 556 2943 697 3007; x_wconf 91' lang='lat' dir='ltr'>consulto</span> <span class='ocrx_word' id='word_1_202' title='bbox 727 2963 768 3007; x_wconf 93' lang='lat' dir='ltr'>ne</span> <span class='ocrx_word' id='word_1_203' title='bbox 803 2949 887 3007; x_wconf 89' lang='lat' dir='ltr'>tecta</span> <span class='ocrx_word' id='word_1_204' title='bbox 917 2943 1044 3024; x_wconf 93' lang='lat' dir='ltr'>quidem</span> <span class='ocrx_word' id='word_1_205' title='bbox 1074 2943 1170 3024; x_wconf 92' lang='lat' dir='ltr'>urbis,</span> <span class='ocrx_word' id='word_1_206' title='bbox 1201 2944 1283 3010; x_wconf 92' lang='lat' dir='ltr'>adeo</span> 
     </span>
     <span class='ocr_line' id='line_1_39' title="bbox 243 3046 1283 3131; baseline 0.004 -21"><span class='ocrx_word' id='word_1_207' title='bbox 243 3046 403 3130; x_wconf 90' lang='lat' dir='ltr'>publicum</span> <span class='ocrx_word' id='word_1_208' title='bbox 438 3046 603 3110; x_wconf 91' lang='lat' dir='ltr'>consilium</span> <span class='ocrx_word' id='word_1_209' title='bbox 632 3066 803 3128; x_wconf 89' lang='lat' dir='ltr'>numquam</span> <span class='ocrx_word' id='word_1_210' title='bbox 837 3046 926 3128; x_wconf 92' lang='lat' dir='ltr'>adiit,</span> <span class='ocrx_word' id='word_1_211' title='bbox 961 3046 1063 3112; x_wconf 83' lang='lat' dir='ltr'>deviis</span> <span class='ocrx_word' id='word_1_212' title='bbox 1096 3048 1283 3131; x_wconf 86' lang='lat' dir='ltr'>plerumque</span> 
     </span>
     <span class='ocr_line' id='line_1_40' title="bbox 243 3149 981 3233; baseline 0.001 -20"><span class='ocrx_word' id='word_1_213' title='bbox 243 3149 408 3214; x_wconf 87' lang='lat' dir='ltr'>itineribus</span> <span class='ocrx_word' id='word_1_214' title='bbox 430 3149 574 3214; x_wconf 88' lang='lat' dir='ltr'>ambiens</span> <span class='ocrx_word' id='word_1_215' title='bbox 596 3149 731 3233; x_wconf 89' lang='lat' dir='ltr'>patriam</span> <span class='ocrx_word' id='word_1_216' title='bbox 755 3156 786 3214; x_wconf 91' lang='lat' dir='ltr'>et</span> <span class='ocrx_word' id='word_1_217' title='bbox 808 3149 981 3215; x_wconf 90' lang='lat' dir='ltr'>declinans.</span> 
     </span>
    </p>

    <p class='ocr_par' dir='ltr' id='par_1_8' title="bbox 240 3254 1282 3860">
     <span class='ocr_line' id='line_1_41' title="bbox 332 3254 1281 3340; baseline 0.004 -24"><span class='ocrx_word' id='word_1_218' title='bbox 332 3254 381 3318; x_wconf 88' lang='grc'>16.</span> <span class='ocrx_word' id='word_1_219' title='bbox 405 3256 532 3319; x_wconf 86' lang='lat' dir='ltr'>Interea</span> <span class='ocrx_word' id='word_1_220' title='bbox 562 3274 679 3338; x_wconf 89' lang='lat' dir='ltr'>magna</span> <span class='ocrx_word' id='word_1_221' title='bbox 706 3254 754 3318; x_wconf 86' lang='lat' dir='ltr'>vis</span> <span class='ocrx_word' id='word_1_222' title='bbox 776 3261 994 3319; x_wconf 90' lang='lat' dir='ltr'>accusatorum</span> <span class='ocrx_word' id='word_1_223' title='bbox 1018 3255 1050 3318; x_wconf 92' lang='lat' dir='ltr'>in</span> <span class='ocrx_word' id='word_1_224' title='bbox 1074 3275 1128 3320; x_wconf 91' lang='lat' dir='ltr'>eos</span> <span class='ocrx_word' id='word_1_225' title='bbox 1150 3256 1281 3340; x_wconf 88' lang='lat' dir='ltr'>inrupit,</span> 
     </span>
     <span class='ocr_line' id='line_1_42' title="bbox 243 3358 1282 3443; baseline 0.004 -21"><span class='ocrx_word' id='word_1_226' title='bbox 243 3359 296 3440; x_wconf 95' lang='lat' dir='ltr'>qui</span> <span class='ocrx_word' id='word_1_227' title='bbox 318 3359 471 3442; x_wconf 87' lang='lat' dir='ltr'>pecunias</span> <span class='ocrx_word' id='word_1_228' title='bbox 494 3359 624 3424; x_wconf 90' lang='lat' dir='ltr'>faenore</span> <span class='ocrx_word' id='word_1_229' title='bbox 646 3359 843 3423; x_wconf 88' lang='lat' dir='ltr'>auctitabant</span> <span class='ocrx_word' id='word_1_230' title='bbox 865 3358 1033 3423; x_wconf 88' lang='lat' dir='ltr'>adversum</span> <span class='ocrx_word' id='word_1_231' title='bbox 1055 3360 1159 3443; x_wconf 91' lang='lat' dir='ltr'>legem</span> <span class='ocrx_word' id='word_1_232' title='bbox 1184 3359 1282 3426; x_wconf 86' lang='lat' dir='ltr'>dicta-</span> 
     </span>
     <span class='ocr_line' id='line_1_43' title="bbox 241 3461 1281 3546; baseline 0.003 -20"><span class='ocrx_word' id='word_1_233' title='bbox 241 3463 317 3527; x_wconf 91' lang='lat' dir='ltr'>toris</span> <span class='ocrx_word' id='word_1_234' title='bbox 340 3463 495 3544; x_wconf 75' lang='lat' dir='ltr'>Caesaris,</span> <span class='ocrx_word' id='word_1_235' title='bbox 527 3483 590 3545; x_wconf 90' lang='lat' dir='ltr'>qua</span> <span class='ocrx_word' id='word_1_236' title='bbox 612 3462 653 3526; x_wconf 92' lang='lat' dir='ltr'>de</span> <span class='ocrx_word' id='word_1_237' title='bbox 675 3463 769 3528; x_wconf 93' lang='lat' dir='ltr'>modo</span> <span class='ocrx_word' id='word_1_238' title='bbox 792 3461 943 3527; x_wconf 90' lang='lat' dir='ltr'>credendi</span> <span class='ocrx_word' id='word_1_239' title='bbox 965 3462 1212 3546; x_wconf 89' lang='lat' dir='ltr'>possidendique</span> <span class='ocrx_word' id='word_1_240' title='bbox 1235 3465 1281 3529; x_wconf 91' lang='lat' dir='ltr'>iu·</span> 
     </span>
     <span class='ocr_line' id='line_1_44' title="bbox 241 3566 1280 3650; baseline 0.004 -21"><span class='ocrx_word' id='word_1_241' title='bbox 241 3571 290 3630; x_wconf 88' lang='lat' dir='ltr'>tra</span> <span class='ocrx_word' id='word_1_242' title='bbox 319 3568 443 3631; x_wconf 88' lang='lat' dir='ltr'>ltaliam</span> <span class='ocrx_word' id='word_1_243' title='bbox 478 3573 617 3648; x_wconf 86' lang='lat' dir='ltr'>cavetur,</span> <span class='ocrx_word' id='word_1_244' title='bbox 652 3567 801 3632; x_wconf 90' lang='lat' dir='ltr'>omissam</span> <span class='ocrx_word' id='word_1_245' title='bbox 831 3567 915 3647; x_wconf 93' lang='lat' dir='ltr'>olim,</span> <span class='ocrx_word' id='word_1_246' title='bbox 951 3566 1024 3648; x_wconf 93' lang='lat' dir='ltr'>quia</span> <span class='ocrx_word' id='word_1_247' title='bbox 1054 3567 1179 3650; x_wconf 84' lang='lat' dir='ltr'>privato</span> <span class='ocrx_word' id='word_1_248' title='bbox 1208 3570 1280 3633; x_wconf 92' lang='lat' dir='ltr'>usui</span> 
     </span>
     <span class='ocr_line' id='line_1_45' title="bbox 242 3670 1281 3755; baseline 0.003 -21"><span class='ocrx_word' id='word_1_249' title='bbox 242 3671 357 3737; x_wconf 92' lang='lat' dir='ltr'>bonum</span> <span class='ocrx_word' id='word_1_250' title='bbox 380 3671 541 3755; x_wconf 91' lang='lat' dir='ltr'>publicum</span> <span class='ocrx_word' id='word_1_251' title='bbox 563 3671 769 3755; x_wconf 90' lang='lat' dir='ltr'>postponitur.</span> <span class='ocrx_word' id='word_1_252' title='bbox 820 3690 897 3735; x_wconf 87' lang='lat' dir='ltr'>sane</span> <span class='ocrx_word' id='word_1_253' title='bbox 920 3675 1011 3734; x_wconf 90' lang='lat' dir='ltr'>vetus</span> <span class='ocrx_word' id='word_1_254' title='bbox 1034 3670 1104 3735; x_wconf 94' lang='lat' dir='ltr'>urbi</span> <span class='ocrx_word' id='word_1_255' title='bbox 1127 3670 1281 3737; x_wconf 86' lang='lat' dir='ltr'>faenebre</span> 
     </span>
     <span class='ocr_line' id='line_1_46' title="bbox 240 3775 1278 3860; baseline 0.004 -20"><span class='ocrx_word' id='word_1_256' title='bbox 240 3777 357 3841; x_wconf 89' lang='lat' dir='ltr'>malum</span> <span class='ocrx_word' id='word_1_257' title='bbox 381 3783 412 3841; x_wconf 89' lang='lat' dir='ltr'>et</span> <span class='ocrx_word' id='word_1_258' title='bbox 434 3776 624 3842; x_wconf 91' lang='lat' dir='ltr'>seditionum</span> <span class='ocrx_word' id='word_1_259' title='bbox 647 3775 937 3858; x_wconf 90' lang='lat' dir='ltr'>discordiarumque</span> <span class='ocrx_word' id='word_1_260' title='bbox 959 3777 1148 3842; x_wconf 92' lang='lat' dir='ltr'>creberrima</span> <span class='ocrx_word' id='word_1_261' title='bbox 1171 3797 1278 3860; x_wconf 89' lang='lat' dir='ltr'>causa,</span> 
     </span>
    </p>
   </div>
   <div class='ocr_carea' id='block_1_7' title="bbox 228 3881 1279 3968">
    <p class='ocr_par' dir='ltr' id='par_1_9' title="bbox 228 3881 1279 3968">
     <span class='ocr_line' id='line_1_47' title="bbox 228 3881 1279 3968; baseline 0.001 -21"><span class='ocrx_word' id='word_1_262' title='bbox 228 3902 334 3968; x_wconf 87' lang='lat' dir='ltr'>eoque</span> <span class='ocrx_word' id='word_1_263' title='bbox 367 3881 579 3951; x_wconf 88' lang='lat' dir='ltr'>cohibebatur</span> <span class='ocrx_word' id='word_1_264' title='bbox 609 3881 750 3967; x_wconf 86' lang='lat' dir='ltr'>antiquis</span> <span class='ocrx_word' id='word_1_265' title='bbox 778 3899 904 3965; x_wconf 86' lang='lat' dir='ltr'>quoque</span> <span class='ocrx_word' id='word_1_266' title='bbox 928 3886 962 3943; x_wconf 81' lang='lat' dir='ltr'>et</span> <span class='ocrx_word' id='word_1_267' title='bbox 988 3881 1092 3946; x_wconf 85' lang='lat' dir='ltr'>miuus</span> <span class='ocrx_word' id='word_1_268' title='bbox 1122 3881 1279 3965; x_wconf 89' lang='lat' dir='ltr'>corruptis</span> 
     </span>
    </p>
   </div>
   <div class='ocr_carea' id='block_1_8' title="bbox 0 0 1384 4214">
    <p class='ocr_par' dir='ltr' id='par_1_10' title="bbox 0 0 1384 4214">
     <span class='ocr_line' id='line_1_48' title="bbox 0 0 1384 4214; baseline 0 5"><span class='ocrx_word' id='word_1_269' title='bbox 0 0 1384 4214; x_wconf 95' lang='lat' dir='ltr'> </span> 
     </span>
    </p>
   </div>
  </div>
 </body>
</html>
