2760 4214
189 165 231 231 52
432 181 481 235 Ab
501 196 617 236 excessu
634 181 668 235 D.
681 180 806 251 Augusti
826 181 854 235 II
875 184 984 237 17-21.

188 356 364 441 augurium,
387 362 456 421 octo
479 356 605 438 aquilae
627 362 735 439 petere
758 356 854 420 silvas
874 363 907 420 et
921 356 1038 420 intrare
1058 355 1157 436 visae,
1173 355 1232 420 im-

189 469 365 546 peratorem
378 459 552 525 advertere.
574 460 732 524 exclamat
743 459 834 541 irent,
850 466 1057 541 sequerentur
1067 461 1232 526 Romanas

189 586 274 647 aves,
305 565 432 649 propria
461 564 622 647 legionum
651 564 790 628 numina.
834 564 926 628 simul
955 563 1112 649 pedestris
1142 567 1232 632 acies

188 670 321 734 infertur
342 675 374 733 et
397 669 589 751 praemissus
611 687 708 750 eques
730 673 905 752 postremos
928 688 966 732 ac
981 669 1081 734 latera
1094 669 1231 753 impulit.

188 773 364 854 mirumque
388 770 483 852 dictu,
507 771 569 836 duo
591 770 730 836 hostium
751 771 880 854 agmina
903 770 1030 836 diversa
1052 771 1139 855 fuga,
1175 773 1230 854 qui

189 877 302 942 silvam
331 882 508 956 tenuerant,
538 876 572 940 in
603 882 723 959 aperta,
755 876 809 957 qui
832 876 952 959 campis
974 874 1172 957 adstiterunt,
1195 877 1232 942 in

189 980 302 1045 silvam
330 981 475 1045 ruebant.
515 979 611 1044 medii
641 981 724 1044 inter
752 978 810 1044 hos
835 978 984 1044 Cherusci
1016 980 1147 1046 collibus
1178 979 1232 1046 de·

188 1082 405 1165 trudebantur,
441 1085 523 1148 inter
558 1103 636 1166 quos
670 1083 804 1166 insignis
834 1083 996 1148 Arminius
1024 1104 1122 1148 mann
1151 1104 1232 1150 voce

189 1187 317 1252 vulnere
349 1188 549 1253 sustentabat
579 1207 728 1271 pugnam.
768 1187 1016 1268 incubueratque
1046 1188 1232 1270 sagittariis,

189 1291 243 1355 illa
272 1298 429 1376 rupturus,
461 1293 494 1355 ni
521 1293 692 1356 Raetorum
705 1289 1000 1373 Vindelicorumque
1031 1297 1062 1355 et
1090 1291 1233 1358 Gallicae

189 1394 333 1460 cohortes
355 1396 447 1478 signa
467 1395 666 1459 obiecissent.
698 1394 770 1458 nisu
785 1400 893 1458 tamen
908 1395 1047 1478 corporis
1063 1401 1094 1458 et
1109 1395 1231 1478 impetu

189 1499 261 1581 equi
291 1500 440 1582 pervasit,
471 1498 586 1563 oblitus
608 1496 724 1570 faciem
746 1517 802 1562 suo
827 1517 944 1578 cmore,
975 1517 1015 1562 ne
1038 1504 1231 1564 nosceretur.

189 1601 317 1684 quidam
339 1600 506 1684 adgnitum
528 1621 549 1664 a
571 1600 707 1666 Chaucis
730 1601 811 1665 inter
833 1600 954 1665 auxilia
968 1602 1113 1666 Romana
1134 1622 1230 1686 agen-

189 1706 273 1771 tibus
299 1706 510 1786 emissumque
539 1703 743 1768 tradiderunt.
782 1704 882 1768 virtus
912 1724 968 1768 seu
998 1704 1084 1770 fraus
1115 1705 1231 1771 eadem

188 1809 387 1892 lnguiomerc
418 1808 569 1891 effugium
600 1807 701 1872 dedit:
733 1807 828 1880 ceteri
854 1808 974 1891 passim
1001 1807 1157 1873 trucidati.
1196 1817 1232 1874 et

188 1913 353 1996 plerosque
376 1918 502 1976 tranare
517 1911 677 1995 Visurgim
700 1916 850 1976 conantes
873 1911 990 1976 iniecta
1012 1911 1076 1975 tela
1094 1917 1151 1975 aut
1176 1913 1228 1979 ris

188 2015 335 2096 fluminis,
366 2021 524 2099 postremo
556 2016 654 2079 moles
684 2015 841 2079 ruentium
872 2022 904 2080 et
933 2015 1110 2081 incidentes
1139 2017 1231 2100 ripae

188 2139 346 2203 operuere.
390 2118 520 2201 quidam
550 2119 633 2202 turpi
663 2117 739 2202 suga
768 2120 801 2182 in
836 2139 959 2184 summa
987 2121 1134 2184 arborum
1165 2121 1229 2187 nisi

187 2224 344 2304 ramisque
368 2243 402 2288 se
425 2223 618 2287 occultantes
641 2221 776 2288 admotis
799 2224 971 2306 sagittariis
985 2244 1042 2307 per
1055 2223 1229 2290 ludibrium

187 2327 374 2411 figebantur,
398 2327 478 2391 alios
501 2332 648 2410 prorutae
671 2327 798 2391 arbores
821 2325 983 2391 adflixere.

15 2426 60 2540 τιεί
73 2426 170 2548 ἕξὲζξῑ
277 2431 324 2495 18.
355 2431 472 2514 Magna
503 2450 541 2494 ea
575 2431 707 2496 victoria
741 2450 843 2511 neque
874 2437 1005 2495 eruenta
1034 2433 1126 2497 nobis
1156 2432 1227 2498 fuit.

48 2525 159 2634 Μ]
188 2536 297 2618 quinta
318 2535 359 2599 ab
382 2534 460 2600 hora
483 2533 547 2600 diei
570 2534 612 2598 ad
635 2542 759 2600 noctem
783 2535 867 2599 oaesi
889 2534 996 2600 hostes
1012 2534 1123 2601 decem
1138 2536 1229 2602 milia

48 2652 133 2705 scutu-
187 2659 336 2724 passuum
353 2638 561 2703 cadaveribus
576 2645 671 2720 atque
686 2638 782 2702 armis
798 2639 977 2721 opplevere,
993 2639 1127 2722 repertis
1141 2640 1228 2705 inter

187 2744 287 2827 spolia
317 2764 424 2808 eorum
456 2743 586 2823 catenis,
617 2746 696 2823 q'uas
726 2743 759 2805 in
782 2743 941 2806 Romanos
970 2748 1005 2806 ut
1035 2762 1098 2807 non
1128 2742 1228 2810 dubio

187 2854 301 2913 eventu
317 2854 529 2931 portaverant.
553 2846 643 2910 miles
658 2846 691 2909 in
706 2845 774 2910 loco
790 2847 899 2929 proelii
915 2847 1078 2911 Tiberium
1093 2847 1227 2930 impera-

186 2958 286 3015 torem
308 2950 457 3014 salutavit
479 2950 656 3030 struxitque
678 2969 827 3032 aggerem
847 2950 927 3013 etin
942 2949 1070 3015 modum
1086 2956 1227 3033 tropaeo-

185 3074 351 3119 rumarma
359 3054 543 3137 subscriptis
555 3054 710 3118 uictarum
721 3054 863 3136 gentium
875 3054 1055 3120 nominibus
1063 3055 1224 3138 imposuit.

33 3151 147 3266 midam
274 3157 322 3222 19.
346 3157 440 3223 Haud
460 3157 590 3241 perinde
607 3158 781 3222 Germanos
796 3158 936 3239 vulnera,
960 3159 1073 3239 luctus,
1097 3157 1228 3224 excidia

22 3290 153 3335 semrom.
185 3283 280 3345 quam
295 3282 333 3327 ea
348 3262 471 3345 species
486 3261 593 3325 dolore
607 3268 640 3326 et
655 3262 702 3325 ira
717 3259 843 3325 adfecit.
868 3263 921 3343 qui
934 3261 1027 3328 modo
1039 3262 1127 3327 abire
1143 3261 1226 3327 sedi-

21 3375 107 3428 soccis
120 3377 158 3428 aut
183 3367 253 3448 bus,
269 3373 356 3430 bans
367 3365 475 3430 Albim
487 3364 660 3429 concedere
672 3364 836 3448 parabant,
852 3385 992 3448 pugnam
1003 3367 1123 3447 volunt,
1135 3385 1226 3432 arma

26 3447 152 3568 &ism
185 3470 325 3554 rapiunt;
356 3469 466 3553 plebes
489 3468 652 3552 primores,
682 3469 830 3533 iuventus
854 3487 947 3533 senes
969 3488 1084 3552 agmen
1111 3470 1226 3535 Roma-

186 3594 261 3637 num
276 3580 407 3656 repente
422 3574 594 3653 incursant,
617 3573 754 3636 turbant.
785 3579 943 3655 postremo
963 3572 1105 3657 deligunt
1119 3573 1225 3638 locum

185 3675 314 3741 flumine
341 3683 373 3740 et
399 3677 487 3741 silvis
511 3677 661 3757 clausum,
692 3683 762 3741 arta
783 3676 869 3741 intus
891 3677 1022 3761 planitie
1045 3685 1077 3743 et
1099 3676 1224 3742 umida:

185 3781 283 3845 silvas
305 3800 431 3863 quoque
453 3780 611 3865 profunda
632 3780 724 3865 palus
746 3780 898 3862 ambibat,
931 3781 993 3846 nisi
1024 3780 1108 3864 quod
1139 3781 1225 3846 latus

183 3905 280 3949 unum
295 3884 480 3968 Angrivarii
499 3885 563 3950 lato
584 3905 701 3970 aggere
717 3884 907 3966 extulerant,
931 3905 993 3967 quo
1015 3884 1224 3951 aOheruscis
