2760 4214
190 121 233 187 20
439 136 488 191 Ab
508 153 624 193 excessu
641 137 674 192 D.
687 137 813 209 Augusti
831 141 845 194 I
863 144 974 200 34-38.

188 321 221 380 ct
233 315 403 399 Belgarum
420 316 565 382 civitates
584 315 617 380 in
636 316 736 381 verba
750 317 818 381 eius
840 315 950 400 adigit.
980 315 1097 382 dehinc
1112 317 1223 384 audito

186 420 347 504 legionum
375 422 511 488 tumultu
540 421 653 505 raptim
684 420 843 504 profectus
869 420 981 486 obvias
1003 427 1095 486 extra
1118 429 1221 487 castra

186 523 307 607 habuit,
330 523 462 591 deiectis
485 526 655 590 interram
678 525 776 591 oculis
791 526 879 590 velut
893 524 1098 608 paenitentia.
1139 533 1222 610 post·

187 648 281 710 quam
310 629 428 693 vallum
454 629 534 711 iniit,
564 629 684 696 dissoni
714 636 842 713 questus
871 629 974 694 audiri
1004 650 1144 714 coepere.
1191 639 1224 696 et

185 731 313 814 quidam
335 753 451 817 prensa
473 753 569 798 manu
592 733 660 799 eius
681 753 738 817 per
760 733 898 818 speciem
926 734 1143 815 exosculandi,
1174 735 1219 800 in·

185 843 348 901 seruemnt
380 837 507 921 digitos,
541 843 576 901 ut
609 857 710 902 vacua
740 837 889 903 dentibus
919 858 974 903 ora
1007 838 1218 925 contingeret,

183 940 236 1004 alii
252 947 382 1005 curvata
396 941 484 1006 senio
500 942 643 1006 membra
661 940 880 1006 ostendebant.
915 940 1124 1007 adsistentem
1148 963 1219 1008 con·

182 1045 310 1127 tionem,
334 1045 408 1126 quia
430 1045 589 1128 permixta
611 1044 786 1125 videbatur,
809 1044 972 1110 discedere
987 1045 1020 1110 in
1036 1046 1216 1130 manipulos

182 1148 284 1214 iubet:
307 1149 352 1214 sic
374 1149 486 1213 melius
508 1147 671 1214 audituros
693 1168 891 1233 responsum,
915 1149 1033 1215 vexilla
1054 1149 1217 1233 praeferri,

182 1260 216 1318 ut
230 1253 270 1318 ¹id
293 1254 404 1318 saltem
427 1252 619 1318 discerneret
641 1252 797 1337 cohortes3
828 1252 917 1318 tarde
943 1254 1212 1337 obtemperavero.

181 1362 256 1422 tunc
277 1377 298 1422 a
311 1357 515 1422 veneratione
529 1356 664 1440 Augusti
679 1376 768 1422 orsus
783 1355 873 1421 flexit
887 1355 929 1420 ad
945 1356 1092 1422 victorias
1108 1357 1216 1422 trium-

179 1461 327 1546 phosque
337 1462 465 1543 Tiberii,
488 1461 667 1545 praecipuis
688 1460 835 1526 laudibus
850 1461 1014 1526 celebrans
1030 1481 1112 1543 quae
1127 1462 1215 1547 apud

180 1565 365 1631 Germanias
376 1565 438 1630 illis
450 1584 521 1629 cum
533 1564 710 1648 legionibus
720 1562 931 1647 pulcherrima
942 1563 1078 1629 fecisset.
1101 1565 1215 1631 Italiae

179 1669 254 1734 inde
283 1688 480 1748 consensum,
512 1668 684 1734 Galliarum
712 1667 808 1732 fidem
839 1668 973 1752 extollit,
1005 1667 1049 1732 nil
1078 1688 1213 1750 usquam

179 1772 339 1839 turbidum
361 1779 416 1837 aut
439 1771 566 1838 discors.
598 1772 721 1838 silentio
744 1771 824 1835 haec
846 1772 898 1835 vel
918 1792 1075 1838 murmure
1090 1772 1216 1839 modico

180 1877 288 1942 audita
306 1883 388 1942 sunt.

8 1964 163 2087 ww
266 1982 316 2046 35.
347 1981 390 2047 Ut
420 1980 606 2047 seditionem
639 1980 753 2064 attigit,
783 1979 838 2044 ubi
868 1979 1023 2045 modestia
1056 1981 1212 2065 militaris,

8 2103 160 2160 trescasas
177 2085 232 2151 ubi
254 2085 370 2150 veteris
392 2083 577 2168 disciplinae
600 2083 707 2164 decus,
730 2104 868 2166 quonam
887 2084 1038 2168 tribunos,
1063 2105 1125 2167 quo
1143 2106 1215 2151 cen·

66 2185 102 2218 ⁰¹¹·
176 2190 316 2254 turiones
342 2189 533 2272 exegissent
563 2187 714 2272 rogitans
744 2186 867 2252 nudant
895 2187 1036 2253 universi
1071 2208 1213 2273 corpora,

177 2293 338 2358 cicatrices
354 2313 395 2358 ex
411 2292 603 2372 vulneribus
619 2291 785 2356 verberum
801 2297 893 2356 notas
909 2293 1119 2376 exprobrant;
1137 2314 1213 2359 mox

175 2397 353 2462 indiscretis
368 2396 498 2461 vocibus
513 2396 615 2480 pretia
637 2396 846 2476 vacationum,
869 2396 1032 2480 angustias
1049 2395 1212 2480 stipendii,

175 2500 321 2565 duritiam
344 2519 474 2584 operum
496 2520 534 2564 ac
556 2499 690 2583 propriis
712 2499 892 2565 nominibus
914 2499 1062 2565 incusant
1080 2500 1212 2584 vallum,

174 2605 284 2688 fossas,
307 2603 415 2688 pabuli
437 2604 588 2668 materiae
610 2603 766 2687 lignorum
789 2601 950 2686 adgestus,
974 2609 1005 2668 et
1025 2603 1130 2685 siqua
1147 2604 1213 2669 alia

174 2727 214 2773 ex
236 2709 424 2774 necessitate
446 2714 501 2772 aut
522 2706 675 2772 adversus
697 2707 795 2772 otium
818 2714 989 2771 castrorum
1006 2713 1208 2789 quaeruntur.

172 2814 383 2879 atrocissimus
413 2819 632 2877 veteranorum
659 2812 776 2877 clamor
802 2811 971 2892 oriebatur,
1004 2810 1056 2893 qui
1088 2812 1212 2878 tricena

171 2924 226 2982 aut
255 2936 350 3000 supra
379 2915 537 2999 stipendia
559 2922 771 2994 numerantes,
802 2914 981 2979 mederetur
1012 2913 1115 2996 fessis,
1147 2935 1208 2980 neu

171 3025 301 3085 mortem
331 3019 364 3083 in
394 3017 495 3083 isdem
524 3018 693 3099 laboribus
729 3017 785 3083 sed
815 3017 911 3082 finem
941 3023 1006 3082 tam
1045 3018 1207 3085 exercitae

170 3123 299 3188 militiae
321 3142 424 3204 neque
445 3123 573 3206 inopem
595 3122 735 3204 requiem
758 3123 899 3187 orabant.
930 3121 1019 3186 fuere
1035 3121 1133 3186 etiam
1152 3121 1208 3204 qui

169 3228 306 3311 legatam
332 3248 352 3291 a
379 3225 453 3290 divo
483 3226 625 3310 Augusto
653 3226 819 3309 pecuniam
848 3231 1060 3309 reposcerent,
1092 3224 1209 3293 faustis

169 3334 201 3396 in
216 3331 437 3398 Germanicum
452 3330 623 3414 ominibus3
640 3338 671 3395 et
686 3330 712 3395 si
729 3331 823 3394 vellet
838 3330 1016 3414 imperium,
1037 3335 1207 3414 promptas

169 3456 219 3501 res
241 3440 448 3501 ostentavere.
479 3441 545 3499 tum
567 3454 652 3516 vero,
676 3434 766 3517 quasi
789 3434 906 3498 scelere
930 3433 1208 3515 contaminaretur,

169 3559 318 3623 praeceps
349 3538 497 3605 tribunali
519 3537 653 3602 desiluit.
699 3544 913 3622 opposuerunt
943 3537 1074 3602 abeunti
1104 3556 1206 3620 arma,

169 3643 358 3723 minitantes,
374 3642 407 3705 ni
422 3641 651 3726 regrederetur,
672 3648 706 3705 at
720 3641 772 3707 ille
787 3642 970 3706 moriturum
986 3641 1091 3725 potius
1107 3660 1204 3722 quam

168 3746 262 3811 tidem
295 3751 426 3811 exueret
456 3745 631 3827 clamitans,
661 3744 777 3810 ferrum
806 3765 827 3808 a
853 3746 950 3809 latere
977 3743 1114 3828 diripuit
1142 3743 1205 3808 ela-

168 3859 295 3934 tumque
318 3848 480 3913 deferebat
494 3849 527 3912 in
547 3855 667 3932 pectus,
691 3847 723 3912 ni
739 3848 874 3933 proximi
891 3868 1036 3932 prensam
1053 3847 1203 3913 dextram
