2760 4214
379 199 381 202 >
466 187 490 224 a.
503 171 536 226 U.
550 186 573 225 c.
587 171 692 238 tessal.
717 187 742 238 p.
756 169 818 224 Chr.
831 172 919 238 27l28.
1146 153 1207 218 159

163 366 229 429 quo
253 365 350 410 saeva
376 351 542 408 ventorum
568 350 730 428 arcentur,
763 350 870 409 aestas
899 343 932 408 in
962 343 1126 409 favonium
1156 343 1208 408 ob-

163 470 260 516 uersa
282 456 313 513 et
335 455 445 533 aperto
468 447 585 512 circum
608 448 722 533 pelago
745 468 950 533 peramoena;
974 447 1208 532 prospectabat-

163 574 229 636 que
252 553 498 638 pulcherrimum
514 552 629 632 sinum,
652 559 825 633 antequam
840 552 1000 617 Vesuvius
1015 571 1105 616 mons
1120 549 1209 615 arde-

165 678 261 723 scens
283 656 398 721 faciem
421 657 481 721 loci
505 662 650 721 verteret.
676 657 815 721 Graecos
840 677 878 721 ea
901 657 1041 722 tenuisse
1057 657 1209 738 Capreas-

169 782 231 844 que
254 761 400 826 Telebois
430 759 590 825 habitatas
620 760 708 824 sarna
738 760 843 825 tradit.
890 760 948 826 sed
974 767 1041 825 turn
1063 758 1209 824 Tiberius

164 864 335 930 duodecim
348 865 493 929 villarum
509 864 690 930 nominibus
706 872 738 929 et
752 864 889 931 molibus
903 864 1074 945 insederat,
1091 869 1209 945 quanto

168 969 310 1033 intentus
326 968 400 1032 olim
416 967 559 1051 publicas
574 967 617 1031 ad
637 988 738 1049 curae,
761 974 850 1032 tanto
865 968 1052 1034 occultiores
1068 967 1101 1032 in
1116 968 1210 1030 luxus

166 1079 201 1137 ct
224 1071 342 1135 malum
365 1072 462 1136 otium
484 1071 649 1137 resolutus.
681 1072 832 1139 manebat
855 1073 973 1156 quippe
996 1072 1210 1156 suspicionum

171 1182 203 1240 et
233 1175 384 1240 credendi
414 1175 586 1257 temeritas,
617 1196 713 1257 quam
737 1176 871 1241 Seianus
901 1195 1019 1260 augere
1052 1175 1148 1240 etiam
1178 1174 1211 1238 in

166 1281 249 1344 urbe
271 1285 380 1344 suetus
402 1280 506 1344 acrius
529 1281 679 1344 turbabat
702 1299 766 1344 non
789 1279 853 1343 iam
880 1280 1010 1344 occultis
1040 1279 1210 1343 adversum

171 1383 381 1467 Agrippinam
416 1390 447 1447 et
481 1385 641 1449 Neronem
675 1383 808 1448 insidiis.
855 1383 925 1466 quis
958 1382 1086 1447 additus
1120 1382 1210 1446 miles

170 1487 309 1570 nuntios,
333 1487 489 1567 introitus,
513 1493 625 1570 aperta
647 1494 769 1552 secreta
792 1487 878 1551 velut
897 1488 930 1550 in
951 1487 1083 1551 annales
1098 1485 1210 1551 refere-

170 1591 237 1670 bat,
272 1592 415 1673 ultroque
446 1591 657 1672 struebantur,
693 1592 747 1672 qui
777 1597 942 1656 monerent
971 1589 1139 1674 perfugere
1169 1587 1211 1652 ad

168 1693 362 1759 Germaniae
392 1696 550 1760 exercitus
580 1695 632 1759 vel
663 1695 867 1761 celeberrimo
895 1694 955 1759 fori
982 1693 1122 1778 effigiem
1145 1692 1211 1756 divi

170 1799 306 1882 Augusti
328 1799 476 1882 amplecti
499 1800 713 1883 populumque
734 1819 773 1863 ac
788 1806 935 1864 senatum
949 1798 1068 1863 auxilio
1085 1817 1209 1863 vocare.

169 1922 274 1984 eaque
297 1909 403 1986 spreta
425 1902 466 1966 ab
490 1903 561 1984 illis,
587 1905 672 1967 velut
695 1909 853 1988 pararent,
878 1903 1105 1969 obiciebantur.

259 2109 309 2173 68.
333 2110 425 2176 Iunio
449 2110 557 2175 Silano
580 2117 610 2174 et
634 2110 711 2176 Silio
734 2111 842 2175 Nerva
873 2111 1054 2176 consulibus
1083 2108 1211 2174 foedum
1258 2105 1359 2220 Θξῗξζξθ

166 2213 248 2278 anni
269 2213 460 2297 principium
482 2213 612 2278 incessit
627 2219 726 2279 tracto
743 2213 775 2278 in
793 2235 952 2280 carcerem
967 2214 1090 2279 inlustri
1107 2214 1212 2295 equite
1279 2245 1333 2289 aas

169 2319 323 2399 Romane,
354 2318 437 2383 Titio
460 2318 589 2399 Sabino,
620 2319 660 2383 ob
683 2319 857 2383 amicitiam
880 2319 1076 2384 Germanici:
1107 2337 1211 2399 neque
1249 2315 1368 2367 naucula.

169 2421 257 2485 enim
269 2421 418 2486 omiserat
430 2422 597 2505 coniugem
611 2423 791 2504 liberosque
806 2423 874 2488 eius
890 2423 1059 2507 percolere,
1076 2427 1212 2506 sectator
1251 2400 1364 2516 imgfflll

170 2525 268 2605 domi,
300 2545 404 2590 eomes
431 2525 464 2589 in
494 2525 631 2609 publico,
661 2534 733 2610 post
760 2533 806 2591 tot
837 2526 968 2590 clientes
998 2545 1080 2589 unus
1110 2544 1211 2606 eoque
1251 2539 1363 2592 aaaron.

168 2628 258 2713 apud
285 2629 386 2694 bonos
412 2629 559 2694 laudatus
590 2636 621 2694 et
650 2630 758 2713 gravis
789 2630 913 2711 iniquis.
960 2628 1044 2693 hunc
1066 2628 1211 2692 Latinius

170 2733 318 2815 Latiaris,
349 2733 479 2797 Porcius
503 2733 592 2814 Cato,
622 2734 754 2798 Petilius
777 2734 889 2815 Rufus,
920 2732 961 2797 M.
987 2732 1102 2816 Opsius
1125 2752 1212 2816 prae-

170 2843 244 2902 tura
266 2835 367 2901 functi
389 2836 628 2920 adgrediuntur,
660 2837 808 2920 cupidine
832 2838 1023 2918 consulatus,
1053 2835 1095 2900 ad
1118 2856 1212 2918 quem

171 2960 238 3005 non
261 2941 323 3005 nisi
345 2961 402 3024 per
417 2942 568 3007 Seianum
590 2941 709 3026 aditus;
734 2961 837 3024 neque
859 2940 967 3007 Seiani
991 2941 1136 3006 voluntas
1152 2940 1213 3004 nisi

170 3044 292 3109 scelere
316 3045 536 3126 quaerebatur.
561 3045 767 3129 compositum
792 3046 874 3109 inter
896 3044 993 3130 ipsos,
1017 3052 1050 3109 ut
1066 3044 1212 3124 Latiaris,

171 3147 229 3230 qui
258 3147 381 3213 modico
412 3168 471 3213 usu
501 3148 655 3214 Sabinum
686 3149 901 3231 contingebat,
932 3154 1066 3213 strueret
1096 3147 1212 3228 dolum,

172 3251 272 3315 ceteri
302 3257 400 3316 testes
430 3251 589 3333 adessent,
620 3251 737 3317 deinde
765 3252 998 3321 accusationem
1026 3252 1212 3335 inciperent.

174 3354 272 3437 igitur
293 3355 429 3420 Latiaris
460 3354 564 3419 iacere
595 3355 741 3421 fortuitos
771 3357 907 3439 primum
937 3375 1108 3435 sermones,
1139 3375 1214 3419 mox

173 3458 305 3523 laudare
326 3459 546 3540 constantiam,
570 3457 655 3540 quod
670 3479 744 3540 non,
768 3467 803 3523 ut
818 3458 924 3539 ceteri,
947 3457 1088 3523 florentis
1103 3457 1214 3522 domus

172 3561 297 3640 amicus
312 3561 473 3626 adflictam
489 3562 694 3646 deseruisset3
718 3563 811 3627 simul
826 3561 945 3627 honora
961 3561 1001 3626 de
1017 3562 1214 3642 Germanico,

172 3665 385 3750 Agrippinam
408 3667 572 3747 miserans
597 3665 781 3731 disserebat.
821 3674 853 3731 et
875 3672 1044 3750 postquam
1066 3665 1214 3746 Sabinus,

175 3777 211 3835 ut
240 3777 318 3835 sunt>
344 3770 454 3834 molles
481 3770 514 3835 in
546 3769 726 3834 calamitate
756 3770 935 3834 mortalium
965 3769 1073 3848 animi,
1105 3769 1216 3833 effudit

175 3875 332 3955 lacrimas,
356 3874 460 3939 iunxit
482 3881 622 3957 questus,
645 3873 816 3941 audentius
837 3875 907 3940 iam
926 3879 1045 3940 onerat
1056 3872 1240 3945 beianum,
