2760 4214
151 175 192 238 28
399 188 448 242 Ab
467 204 583 243 excessu
600 189 634 243 D.
647 189 773 259 Augusti
792 190 805 242 Ι
824 192 934 246 50-53.

49 449 51 454 Α
238 364 288 429 50.
317 363 408 429 Laeti
425 364 544 445 'neque
577 365 687 448 procul
719 363 869 429 Germani
902 364 1076 448 agitabant,
1112 361 1186 426 dum

152 468 268 534 iustitio
291 470 330 533 ob
354 467 505 532 amissum
520 467 707 550 Augustum,
731 473 802 552 post
824 467 989 532 discordiis
1008 467 1185 531 attinemur.

151 578 185 636 at
206 574 368 638 Romanus
389 571 517 655 agmine
540 592 672 656 propero
696 572 809 637 silvam
826 571 971 637 Caesiam
993 570 1187 651 limitemque

152 678 313 742 aTiberio
334 681 480 760 coeptum
501 674 625 756 scindit,
650 682 753 741 castra
769 676 802 740 in
817 676 917 741 limite
936 676 1029 756 locat,
1053 674 1188 739 frontem

152 800 190 844 ac
210 787 333 863 tergum
353 780 446 861 vallo,
469 779 569 843 latera
589 778 800 845 concaedibus
820 780 967 845 munitus.
1000 777 1074 843 inde
1091 779 1189 843 saltus

153 884 301 949 obscuros
315 889 458 967 permeat
473 884 699 966 consultatque,
715 904 757 948 ex
773 883 896 949 duobus
910 882 1075 948 itineribus
1089 883 1187 947 breve

154 993 186 1052 et
208 987 332 1052 solitum
355 993 504 1070 sequatur
526 1008 568 1052 an
595 986 767 1072 inpeditius
790 993 821 1053 et
843 987 1065 1071 intemptatum
1088 1006 1188 1068 eoque

154 1091 296 1157 hostibus
318 1091 487 1155 incautum.
519 1090 642 1156 delecta
660 1093 800 1176 longiore
822 1092 875 1155 via
890 1097 995 1157 cetera
1009 1090 1187 1155 adceleran-

154 1202 216 1260 tur:
241 1196 357 1261 etenim
376 1196 546 1261 attulerant
567 1196 781 1280 exploratores
802 1195 916 1261 festam
936 1216 1006 1260 earn
1023 1195 1188 1261 Germanis

154 1306 278 1364 noctem
308 1320 346 1364 ac
376 1300 580 1365 sollemnibus
610 1300 712 1383 epulis
742 1299 904 1365 ludicram.
951 1299 1087 1365 Caecina
1118 1320 1189 1363 cum

153 1403 312 1487 expeditis
338 1403 517 1470 cohortibus
544 1405 666 1487 praeire
695 1411 726 1469 ct
752 1404 911 1469 obstantia
933 1404 1083 1470 silvarum
1105 1424 1188 1468 amo-

153 1508 202 1572 liri
225 1509 363 1573 iubetur:
385 1509 529 1592 legiones
552 1506 674 1573 modico
698 1509 865 1574 intervallo
889 1514 1070 1590 sequuntur.
1109 1507 1189 1571 iuvit

153 1633 217 1677 nox
248 1612 404 1676 sideribus
434 1611 583 1693 inlustris,
614 1617 807 1694 ventumque
834 1612 876 1676 ad
902 1612 990 1677 vicos
1015 1612 1189 1676 Marsorum

154 1723 186 1782 et
215 1717 428 1782 circumdatae
457 1718 608 1782 stationes
639 1718 744 1782 stratis
774 1718 869 1783 etiam
897 1724 963 1781 tum
990 1737 1047 1801 per
1073 1716 1189 1780 cubilia

154 1828 344 1906 propterque
367 1841 503 1902 mensas,
530 1821 616 1887 nullo
639 1828 734 1902 metu,
763 1842 826 1886 non
849 1821 1036 1906 antepositis
1058 1820 1188 1905 vigiliis:

154 1924 234 1989 adeo
258 1931 371 1990 cuncta
392 1925 514 1990 incuria
536 1925 668 1991 disiecta
690 1932 780 1990 erant
803 1945 906 2007 neque
928 1924 1003 1989 belli
1026 1924 1127 2004 timor,
1151 1943 1190 1988 ac

154 2049 195 2094 ne
218 2050 283 2112 pax
307 2027 434 2110 quidem
456 2029 518 2094 nisi
540 2028 692 2112 languida
715 2035 747 2094 et
769 2031 871 2095 soluta
890 2029 972 2094 inter
990 2029 1188 2093 temulentos.

240 2133 292 2196 51.
314 2134 431 2199 Caesar
445 2132 558 2198 avidas
572 2134 722 2218 legiones,
741 2155 801 2216 quo
816 2134 908 2198 latior
923 2132 1083 2218 populatio
1099 2131 1188 2212 foret,

155 2243 301 2319 quattuor
327 2237 359 2301 in
388 2256 505 2302 cuneos
533 2237 690 2322 dispertit3
721 2238 951 2321 quinquaginta
978 2236 1097 2300 milium
1121 2255 1190 2319 spa-

156 2340 234 2404 tium
257 2339 338 2405 ferro
361 2340 558 2423 flammisque
581 2347 752 2425 pervastat.
791 2361 854 2405 non
878 2360 983 2421 sexus,
1015 2361 1076 2405 non
1100 2344 1190 2403 aetas

155 2443 390 2508 miserationem
412 2444 530 2508 attulit:
564 2444 699 2528 profana
721 2444 813 2509 simul
836 2450 867 2509 et
890 2463 980 2509 sacra
1003 2449 1034 2508 et
1057 2442 1190 2507 celeber-

154 2548 268 2612 rimum
294 2546 356 2612 illis
382 2548 531 2632 gentibus
553 2549 704 2632 templum
728 2547 811 2630 quod
834 2547 1009 2612 Tamfanae
1032 2546 1190 2612 vocabant

155 2653 222 2717 sclo'
245 2659 429 2734 aequantur.
476 2652 544 2717 sine
575 2652 705 2716 vulnere
732 2651 856 2732 milites,
888 2652 942 2733 qui
973 2651 1189 2730 semisomnos,

155 2755 292 2820 inermos
314 2761 369 2820 aut
390 2756 527 2840 palantis
550 2755 738 2821 ceciderant.
771 2755 890 2820 excivit
909 2775 948 2819 ea
967 2753 1081 2819 caedes
1096 2754 1191 2817 Bruc-

156 2866 249 2941 teros,
276 2861 449 2940 Tubantes,
472 2859 630 2944 Usipetes,
659 2861 830 2941 saltusque,
858 2880 915 2942 per
937 2878 1015 2942 quos
1038 2857 1191 2923 exercitui

155 2983 327 3046 regressus,
358 2962 512 3029 insedere.
552 2963 637 3046 quod
665 2983 797 3047 gnarum
825 2961 897 3027 duci
925 2962 1116 3045 incessitque
1143 2960 1191 3024 iti-

156 3066 224 3131 neri
241 3073 272 3131 et
288 3067 414 3150 proelio.
445 3087 519 3150 pars
542 3067 681 3148 equitum
706 3072 737 3130 et
759 3065 946 3130 auxiliariae
969 3065 1114 3131 cohortes
1137 3063 1191 3128 du·

156 3172 280 3251 cebant,
298 3190 372 3234 mox
387 3170 489 3254 prima
504 3169 596 3254 legio,
614 3176 644 3234 et
659 3169 771 3234 mediis
783 3168 1017 3253 impedimentis
1030 3169 1190 3234 sinistrum

155 3275 239 3340 latus
260 3274 554 3353 unetvicensimani,
578 3272 723 3338 dextrum
748 3273 889 3355 quintani
913 3274 1063 3354 clausere,
1086 3273 1191 3337 ricen-

156 3380 236 3446 sima
251 3380 334 3462 legio
350 3385 438 3463 terga
453 3378 599 3459 firmavit,
616 3385 686 3462 post
703 3378 797 3442 ceteri
814 3378 975 3442 sociorum.
1001 3376 1058 3443 sed
1073 3377 1190 3457 hostes,

156 3483 257 3549 donec
277 3503 392 3567 agmen
412 3502 469 3567 per
489 3482 586 3547 saltus
602 3484 821 3567 porrigeretur,
845 3481 974 3563 immoti,
998 3480 1071 3546 dein
1091 3481 1191 3546 latera

157 3594 189 3653 et
211 3587 345 3651 frontem
368 3585 491 3651 modice
512 3586 718 3667 adsultantes,
742 3592 808 3650 tota
827 3586 859 3650 vi
884 3586 1072 3651 novissimos
1091 3585 1191 3648 incur-

156 3712 234 3757 rere.
276 3691 545 3772 turbabanturque
568 3689 674 3755 densis
697 3689 925 3755 Germanonrm
948 3690 1082 3755 catervis
1104 3689 1191 3753 leves

157 3794 310 3878 cohortes,
345 3814 416 3858 cum
447 3795 564 3859 Caesar
597 3794 749 3858 advectus
779 3792 822 3857 ad
851 3793 1083 3858 vicensimanos
1113 3811 1191 3857 voce

21 3852 122 3952 κ
147 3917 267 3981 magna
297 3897 359 3964 lroc
388 3896 468 3964 illud
498 3904 623 3985 tempus
653 3896 868 3964 obliterandae
898 3896 1061 3962 seditionis
1088 3896 1192 3960 clami-
