2760 4214
238 137 279 201 82
479 153 528 208 Ab
548 169 664 208 excessu
681 155 714 208 D.
728 155 855 224 Augusti
873 154 902 208 ΙΙ
922 158 1032 212 att-82.

74 327 205 439 staffines
325 329 375 394 79.
399 331 500 413 Igitur
522 350 609 395 oram
624 329 744 412 Lyciae
759 349 797 394 ae
811 329 1022 413 Pamphyliae
1044 330 1277 414 praelegentes,

76 464 205 517 upuppae,
238 434 340 500 obviis
362 434 499 499 navibus
522 453 604 514 quae
626 433 836 516 Agrippinam
859 432 1028 514 vehebant,
1052 433 1210 515 utrimque
1232 434 1279 497 in-

96 551 189 596 cartus
237 538 320 603 sensi
343 558 432 602 arma
453 538 554 622 primo
578 536 764 621 expediere:
793 535 866 601 dein
890 544 999 601 mutua
1021 537 1190 602 formidine
1213 559 1279 603 non

65 617 219 743 ,Jssssssffig
237 644 320 707 ultra
341 643 477 725 iurgium
500 660 682 726 processum
705 648 761 723 est,
786 642 970 722 Marsusque
983 641 1095 707 Vibius
1117 642 1280 706 nuntiavit

82 759 124 803 au
137 752 197 814 ltili·
237 747 345 812 Pisoni
359 747 493 810 Romam
515 742 557 808 ad
580 743 748 808 dicendam
772 764 899 809 causam
914 745 1046 809 veniret.
1078 744 1131 809 ille
1147 744 1279 810 eludens

237 848 400 934 respondit
415 847 607 929 adfuturum,
631 849 685 912 nbi
701 854 835 931 praetor,
860 848 913 928 qui
936 847 976 912 de
999 848 1162 914 veneficiis
1186 869 1279 931 quae-

237 958 330 1033 reret,
361 973 414 1017 reo
437 961 533 1033 atque
555 951 790 1017 accusatoribus
815 950 900 1017 diem
922 950 1122 1035 predixisset.
1151 953 1279 1017 interim

238 1056 397 1122 Domitius
412 1054 596 1120 Laodiciam
618 1056 730 1120 urbem
745 1055 857 1120 Suriae
872 1054 1034 1139 adpulsus
1058 1075 1130 1120 cum
1143 1054 1279 1120 hiberna

238 1167 349 1225 sextae
371 1159 505 1243 legionis
528 1165 660 1242 peteret,
684 1157 769 1240 quod
785 1179 856 1223 eam
875 1160 1015 1223 maxime
1030 1160 1122 1225 nouis
1138 1160 1278 1226 consiliis

237 1262 386 1329 idoneam
397 1263 534 1343 rebatur,
550 1262 720 1328 aPacuvio
732 1263 837 1345 legato
853 1263 1063 1346 praevenitur.
1094 1262 1128 1328 id
1151 1264 1280 1329 Sentius

237 1368 345 1433 Pisoni
367 1387 425 1452 per
446 1367 567 1432 litteras
589 1368 692 1451 aperit
714 1373 884 1448 monetque
907 1387 948 1431 ne
971 1374 1075 1432 castra
1094 1368 1279 1451 corruptori-

237 1474 307 1553 huS,
338 1491 379 1536 ne
409 1471 606 1554 provinciam
633 1471 715 1535 bello
745 1476 887 1554 temptet.
934 1491 1076 1553 quosque
1097 1471 1279 1536 Germanici

238 1595 393 1641 memores
412 1580 468 1639 aut
483 1574 618 1639 inimicis
634 1574 702 1638 eius
717 1572 869 1639 adversos
885 1581 1087 1659 cognoverat,
1111 1574 1278 1655 contrahit,

238 1677 489 1763 magnitudinem
500 1679 698 1762 imperatoris
710 1677 884 1742 identidem
900 1679 1049 1762 ingerens
1061 1686 1092 1744 et
1104 1698 1172 1744 rem
1180 1679 1279 1762 publi-

239 1783 412 1848 camarmis
421 1782 496 1866 peti3
510 1780 658 1862 ducitque
671 1780 809 1845 validam
817 1803 947 1846 manum
956 1790 987 1847 et
995 1783 1114 1866 proelio
1122 1789 1277 1866 paratam.
1363 1837 1366 1843 .

83 1880 207 2001 mffi‘g‘t'm
326 1887 376 1951 80.
407 1887 476 1952 Nec
504 1886 589 1967 Piso,
624 1906 815 1968 quamquam
846 1893 959 1969 coepta
989 1906 1079 1952 secus
1110 1885 1277 1966 cadebant,

89 2019 124 2071 ua
140 2018 199 2063 creto
239 1991 344 2057 omisit
373 1991 531 2055 tutissima
558 2011 576 2055 e
603 1991 834 2073 praesentibus,
865 1991 922 2055 sed
952 1991 1117 2056 castellum
1148 1991 1278 2056 Cihciae

86 2089 199 2205 ὧξξῑξζ
239 2095 395 2159 munitum
416 2092 595 2173 admodum,
620 2095 670 2158 cui
686 2115 801 2160 nomen
818 2095 1010 2176 Celenderis,
1034 2101 1180 2180 occupat,
1205 2116 1280 2159 nam

79 2229 207 2284 papam,
239 2199 391 2263 admixtis
414 2196 627 2264 desertoribus
650 2203 682 2263 et
704 2198 806 2264 tirone
829 2219 931 2284 nuper
952 2200 1127 2284 intercepto
1151 2200 1280 2281 suisque

240 2312 271 2368 et
293 2303 466 2368 Plancinae
490 2302 627 2367 servitiis
650 2302 770 2366 auxilia
794 2303 936 2384 Cilicum,
960 2323 1042 2385 quae
1064 2303 1166 2386 reguli
1188 2304 1279 2368 mise-

240 2413 320 2486 rant,
343 2407 377 2470 in
399 2426 566 2471 numerum
588 2405 722 2489 legionis
746 2413 973 2490 composuerat.
1014 2407 1221 2489 Caesarisque
1245 2426 1280 2471 se

239 2510 379 2595 legatum
409 2512 585 2575 testabatur
614 2510 788 2593 provincia,
819 2531 915 2592 quam
937 2510 964 2576 is
987 2510 1137 2592 dedisset,
1168 2511 1280 2592 arceri,

240 2637 304 2680 non
334 2635 354 2678 a
383 2614 561 2699 legionibus
591 2617 713 2695 (earum
744 2614 861 2698 quippe
888 2615 992 2679 accitu
1015 2614 1148 2699 venire),
1179 2613 1236 2679 sed
1259 2635 1280 2678 a

240 2720 349 2784 Sentio
380 2719 539 2802 privatum
568 2716 676 2783 odium
703 2717 792 2783 falsis
820 2718 1003 2783 criminibus
1026 2725 1162 2802 tegente.
1209 2738 1280 2783 con-

241 2823 389 2887 sisterent
411 2823 445 2886 in
467 2822 545 2900 acie,
569 2842 634 2886 non
657 2821 844 2905 pugnaturis
866 2821 1028 2902 militibus,
1052 2821 1107 2885 ubi
1132 2822 1280 2886 Pisonem

241 2927 281 2990 ab
306 2926 383 3009 ipsis
405 2933 570 3008 parentem
592 2924 752 3007 quondam
774 2926 976 3009 appellatum,
1000 2926 1027 2990 si
1042 2926 1110 2990 iure
1124 2934 1280 3009 ageretur,

241 3029 405 3114 potiorem,
435 3029 462 3093 si
491 3029 598 3109 armis,
629 3050 693 3095 non
722 3028 896 3094 invalidum
926 3029 1089 3095 vidissent.
1127 3035 1194 3093 tum
1223 3050 1280 3113 pro

241 3133 445 3198 munimentis
476 3133 596 3197 castelli
627 3133 805 3218 maniprdos
835 3135 983 3218 explicat,
1015 3135 1093 3200 colle
1121 3132 1221 3198 arduo
1249 3139 1280 3197 et

242 3236 389 3321 derupto;
420 3256 496 3300 nam
526 3243 632 3302 cetera
663 3237 743 3301 mari
774 3237 951 3320 cinguntur.
999 3243 1107 3303 contra
1137 3237 1280 3302 veterani

242 3340 405 3407 ordinibus
427 3361 465 3405 ac
493 3340 643 3405 subsidiis
672 3341 831 3405 instructi:
862 3340 936 3405 hinc
963 3341 1107 3421 militum,
1138 3340 1212 3406 inde
1239 3341 1280 3406 lo-

242 3465 349 3510 corum
371 3445 536 3528 asperitas,
560 3442 617 3508 sed
640 3465 704 3509 non
727 3444 861 3525 animuS,
885 3466 948 3510 nou
972 3464 1055 3529 spes,
1079 3464 1120 3509 nc
1135 3445 1200 3509 tela
1215 3445 1280 3526 qui-

242 3548 315 3612 dem
344 3549 406 3613 nisi
436 3549 574 3633 agrestia
603 3557 657 3612 aut
687 3549 825 3613 subitum
853 3549 886 3612 in
908 3568 1001 3612 nsum
1023 3556 1200 3633 properata.
1246 3556 1281 3612 ut

242 3672 359 3718 venere
382 3652 414 3716 in
438 3672 560 3732 manus,
596 3672 660 3716 non
683 3651 764 3715 ultra
787 3650 975 3733 dubitatum,
1007 3672 1102 3735 quam
1125 3651 1200 3716 dum
1222 3653 1281 3717 Ro-

242 3775 356 3821 manae
385 3754 530 3821 cohortes
561 3756 594 3819 in
626 3776 761 3838 aequum
796 3756 1003 3821 eniterentur:
1034 3762 1162 3822 vertunt
1191 3763 1282 3839 terga

243 3860 357 3926 Cilices
380 3879 477 3942 seque
500 3860 629 3925 castello
652 3859 810 3925 claudunt.
