2760 4214
234 139 275 204 98
471 157 521 212 Ab
540 171 655 212 excessu
673 157 706 213 D.
721 157 847 226 Augusti
864 159 908 212 Ill
927 117 1038 216 24-28.

233 330 420 415 religionum
443 351 481 395 ac
502 330 639 396 violatae
662 331 836 396 maiestatis
858 331 1049 414 appellando
1073 332 1274 397 clementiam

233 435 388 501 maiorum
415 454 552 516 suasque
578 435 647 518 ipsc
674 435 761 519 leges
785 434 1015 518 egrediebatur.
1055 434 1112 500 sed
1141 436 1273 501 aliorum

233 540 349 619 exitus,
380 539 473 603 simul
501 546 607 604 cetera
629 538 712 604 illius
735 539 849 604 aetatis
871 540 1063 620 memorabo,
1095 539 1122 604 si
1153 540 1274 604 effectis

232 643 266 706 in
287 662 369 724 quac
388 641 509 706 tetendi
530 643 637 726 plures
659 640 702 706 ad
725 661 816 706 curas
839 641 938 706 vitam
959 641 1146 726 produxero.
1170 643 1211 707 D.
1228 643 1273 709 Si-

231 746 324 810 lanus
353 746 387 810 in
416 747 507 830 nepti
535 746 673 829 Augusti
702 744 835 826 adulter,
874 765 1066 828 quamquam
1095 766 1159 810 non
1191 747 1273 811 ultra

232 849 313 914 foret
336 849 501 931 saevitum,
534 869 629 930 quam
652 854 686 913 ut
708 849 849 913 amicitia
872 849 1019 914 Caesaris
1041 848 1271 933 prohiberetur,

233 952 364 1018 exilium
387 951 448 1015 sibi
470 950 680 1017 demonstrari
702 951 869 1033 intellexit,
902 970 961 1016 nec
984 953 1046 1018 nisi
1067 953 1195 1018 Tiberio
1218 954 1272 1017 im-

232 1056 389 1140 peritante
404 1053 568 1139 deprecari
583 1062 730 1121 senatum
750 1076 788 1120 ac
803 1056 978 1140 principem
994 1077 1090 1121 ansus
1105 1063 1153 1122 est
1168 1057 1209 1121 M.
1228 1057 1272 1122 si-

232 1159 297 1223 lani
319 1157 427 1224 fratris
448 1158 601 1243 potentia,
625 1160 679 1240 qui
701 1179 759 1243 per
780 1159 938 1243 insignem
954 1160 1150 1226 nobilitatem
1166 1168 1197 1224 et
1213 1161 1272 1225 elo·

232 1262 394 1344 quantiam
417 1263 638 1345 praecellebat.
673 1261 730 1326 sed
752 1263 897 1327 Tiberius
919 1263 1019 1347 gratis
1040 1264 1149 1347 agenti
1164 1263 1272 1329 Silano

232 1366 374 1450 patribus
397 1386 503 1431 coram
525 1365 689 1450 respondit
712 1385 747 1430 se
770 1385 895 1448 quoque
917 1367 1038 1447 laetari,
1066 1366 1150 1449 quod
1173 1366 1272 1432 irater

232 1470 300 1535 eius
330 1490 348 1534 e
377 1469 632 1554 peregrinatione
661 1469 836 1553 longinqua
858 1470 1053 1555 revertisset5
1084 1469 1181 1552 idque
1203 1471 1271 1535 iure

230 1574 361 1654 licitum,
386 1574 460 1656 quia
482 1593 546 1637 non
562 1580 691 1638 senatus
708 1574 860 1654 consulto,
883 1593 948 1638 non
962 1573 1033 1658 lege
1048 1575 1158 1657 pulsus
1173 1573 1270 1640 foret:

231 1678 293 1743 sibi
324 1683 432 1742 tamen
461 1675 615 1742 adversus
650 1697 722 1741 eum
755 1677 897 1761 integras
927 1678 1069 1761 parentis
1096 1679 1145 1742 sui
1175 1678 1271 1743 offen-

232 1781 347 1862 siones,
376 1800 479 1862 neque
502 1778 605 1845 reditu
628 1780 728 1846 Silani
751 1779 905 1846 dissoluta
928 1800 1010 1862 quae
1033 1782 1197 1864 Augustus
1219 1803 1271 1848 vo-

231 1884 351 1950 luisset.
390 1883 451 1948 fuit
472 1883 604 1967 posthac
626 1884 660 1948 in
682 1884 762 1948 urbe
785 1903 888 1966 neque
911 1884 1046 1950 honores
1061 1884 1195 1969 adeptus
1212 1891 1268 1950 est.

110 1984 161 2028 see
318 1987 370 2051 25.
401 1988 548 2051 Relatum
578 1985 653 2050 dein
675 1985 724 2071 {de
754 1986 949 2052 moderanda
978 1988 1080 2073 Papia
1108 1989 1268 2072 Poppaea,

66 2053 207 2166 duffii?
232 2111 327 2172 quam
357 2091 463 2156 senior
485 2090 647 2174 Augustus
669 2098 742 2174 post
763 2091 860 2155 Iulias
889 2091 1071 2176 rogationes
1100 2091 1270 2157 incitandis

71 2192 113 2234 ¹⁰¹
126 2191 201 2244 ΡΜ
232 2194 388 2259 caelibum
409 2194 522 2277 poenis
546 2200 577 2258 et
599 2192 747 2277 augendo
770 2195 892 2260 aerario
916 2202 1075 2260 sanxerat.
1115 2215 1174 2261 nec
1197 2194 1269 2260 ideo

75 2261 193 2314 mmm
232 2297 379 2380 coniugia
399 2302 430 2361 ct
451 2295 654 2362 educationes
676 2297 810 2362 liberum
825 2297 1116 2381 frequentabantur,
1140 2319 1269 2383 praeva-

230 2399 296 2466 lida
310 2401 459 2485 orbitate;
484 2408 623 2466 ceterum
646 2401 812 2466 multitudo
835 2402 1080 2486 periclitantium
1103 2403 1268 2486 gliscebat,

230 2524 302 2570 eum
324 2505 426 2570 omnis
449 2503 560 2569 domus
582 2504 757 2569 delatorum
779 2505 1090 2589 interpretationibus
1109 2507 1269 2571 subverte-

230 2615 324 2689 retur,
355 2615 452 2690 utque
482 2606 619 2673 antehae
648 2606 788 2691 flagitiis
817 2609 863 2672 ita
892 2613 968 2672 tunc
997 2608 1122 2691 legibus
1147 2607 1269 2672 labora·

230 2713 331 2776 batur.
370 2731 409 2775 ea
430 2730 481 2775 res
503 2709 662 2791 admonet,
686 2717 721 2774 ut
742 2709 783 2775 de
805 2710 967 2795 principiis
989 2711 1075 2792 iuris,
1100 2717 1131 2775 et
1153 2711 1268 2793 quibus

230 2812 332 2878 modis
365 2812 408 2876 ad
440 2813 524 2877 hanc
557 2813 790 2878 multitudinem
823 2813 980 2877 infinitam
1014 2835 1052 2879 ac
1081 2814 1267 2879 varietatem

229 2917 336 3000 legum
358 2921 546 3000 perventum
568 2916 619 2997 sit,
642 2916 736 2981 altius
759 2915 921 2981 disseram.

82 3003 182 3115 ἥξξξξζῑ
317 3019 368 3082 26.
392 3019 605 3084 Vetustissimi
636 3019 824 3099 mortalium,
854 3020 941 3083 nulla
967 3018 1073 3085 adhuc
1095 3023 1179 3087 mala
1200 3023 1267 3088 libi-

59 3139 206 3192 cmurtuuc
230 3123 314 3204 dine,
344 3123 414 3187 sine
443 3124 567 3206 probro,
598 3122 716 3188 scelere
747 3142 846 3204 eoque
876 3123 945 3189 sine
975 3144 1078 3207 poena
1104 3132 1160 3191 aut
1186 3133 1267 3191 coer-

65 3210 102 3254 δ”
115 3209 201 3262 ΜΨ·
230 3227 398 3294 titionibus
413 3227 562 3310 agebant.
586 3246 690 3308 neque
705 3227 855 3310 praemiis
866 3247 944 3311 opus
957 3235 1033 3310 erat,
1050 3248 1123 3294 oum
1134 3230 1267 3294 honesta

229 3338 342 3416 suopte
367 3330 496 3415 ingenio
527 3335 722 3414 peterentnr3
753 3336 785 3394 et
815 3330 870 3394 ubi
901 3329 980 3395 nihil
1010 3339 1119 3396 contra
1148 3352 1266 3396 morem

229 3441 390 3520 cuperent,
413 3433 493 3498 nibil
515 3453 572 3517 per
594 3440 713 3497 metum
728 3433 926 3499 vetabantur.
957 3441 990 3498 at
1008 3442 1175 3519 postquam
1191 3436 1266 3501 exui

227 3538 404 3622 aequalitas
427 3543 458 3603 et
480 3558 537 3622 pro
560 3536 715 3601 modestia
737 3557 776 3601 ac
798 3536 919 3621 pudore
941 3539 1072 3604 ambitio
1096 3546 1127 3604 et
1150 3539 1200 3604 vis
1222 3540 1266 3603 in·

228 3641 372 3722 cedebat,
395 3660 570 3724 provenere
592 3639 825 3706 dominationes
840 3643 1017 3724 multosque
1032 3640 1119 3725 apud
1134 3642 1267 3726 populos

228 3753 391 3811 aeternum
413 3763 567 3809 mansere.
597 3743 724 3826 quidam
748 3744 865 3826 statim,
888 3751 944 3809 aut
965 3752 1133 3828 postquam
1156 3765 1267 3830 regum

71 3926 84 3959 Ι
219 3855 417 3931 pertaesum,
440 3847 528 3932 leges
551 3846 737 3912 maluerunt.
766 3847 827 3914 hae
842 3849 943 3933 primo
957 3847 1088 3914 rudibus
1103 3847 1266 3914 hominum
