2760 4214
371 196 395 234 a.
408 180 441 236 U.
456 194 479 234 c.
493 181 598 247 778179.
627 196 654 248 p.
667 178 730 234 Chr.
743 180 830 243 25l26.
1058 161 1119 225 149

83 355 228 439 suffugia.
268 375 343 419 mox
374 354 484 419 castris
513 355 546 419 in
576 354 645 419 loco
672 353 872 418 communitis
894 352 1003 418 valida
1024 373 1120 416 mann

84 464 224 523 montem
254 466 387 543 occupat
416 463 586 542 angustum
614 464 645 521 et
672 457 797 540 aequali
822 457 914 522 dorso
938 458 1118 522 continuum

83 582 183 645 usquc
205 561 248 626 ad
270 562 450 647 proximum
473 562 647 642 castellum,
676 561 759 643 quod
787 582 905 645 magna
927 561 976 625 vis
998 567 1121 625 armata

83 673 140 732 777
161 666 325 732 incondita
346 668 503 731 tuebatur.
543 665 636 731 simul
657 666 690 729 in
714 664 935 746 ferocissimos,
966 665 1020 748 qui
1046 671 1121 730 ante

83 772 202 836 vallum
230 791 316 836 more
342 770 448 853 gentis
471 790 542 834 cum
567 769 760 834 carminibus
783 777 815 834 67
837 769 984 855 tripudiis
1007 770 1122 854 persul-

82 876 203 955 tabant,
241 875 337 939 mittit
369 873 508 939 delectos
542 873 787 957 sagittariorum.
833 874 856 937 ii
890 873 965 939 dum
1000 873 1122 938 eminus

85 980 322 1062 grassabantur,
354 979 465 1042 crebra
496 984 528 1041 67
558 977 658 1041 inulta
686 977 818 1042 vulnera
844 976 962 1042 fecere:
994 977 1123 1061 propius

85 1079 270 1148 incedentes
298 1082 463 1165 eruptione
486 1081 592 1146 subita
612 1082 730 1146 turbati
753 1088 826 1146 sunt
848 1082 1031 1165 receptique
1054 1083 1123 1147 sub·

86 1186 167 1252 sidio
190 1186 386 1269 Sugambrae
410 1185 556 1266 cohortis,
580 1205 674 1267 quam
696 1187 860 1250 Romanus
882 1191 1060 1269 promptam
1081 1183 1124 1250 ad

83 1292 225 1376 pericula
247 1310 307 1355 nec
328 1290 434 1354 minus
457 1295 607 1354 cantuum
630 1295 661 1354 67
680 1310 838 1353 armorum
854 1290 988 1353 tumultu
1003 1296 1123 1353 trucem

84 1396 170 1461 haud
192 1395 300 1479 procul
323 1394 523 1458 instruxerat.

171 1499 223 1563 48.
246 1499 414 1563 Translata
436 1496 552 1563 dehinc
575 1504 678 1562 castra
700 1496 823 1562 hostem
846 1501 983 1581 propter,
1006 1496 1124 1562 relictis
1180 1478 1184 1490 ⁶

83 1602 169 1687 apud
192 1603 297 1687 priora
319 1601 516 1666 munimenta
537 1600 742 1682 Thraecibus
768 1620 845 1683 quos
868 1601 959 1664 nobis
981 1599 1123 1666 adfuisse
1176 1627 1180 1640 ·

84 1707 266 1773 memoravi.
291 1706 392 1788 iisque
408 1707 597 1790 permissum
612 1711 748 1785 vastare,
771 1724 872 1786 urere,
897 1704 1021 1769 trahere
1037 1723 1124 1788 prae

85 1811 153 1892 das,
181 1809 257 1875 dum
279 1809 441 1894 populatio
462 1810 566 1874 lucem
589 1809 672 1872 intra
695 1807 858 1873 sisteretur
881 1815 1068 1890 noctemque
1091 1808 1125 1873 in

85 1915 196 1980 castris
219 1920 319 1978 tutam
343 1921 374 1978 67
396 1913 526 1997 vigilem
543 1918 753 1996 capesserent.
782 1912 816 1976 id
832 1913 933 1996 primo
949 1918 1124 1977 seruatum:

83 2040 159 2083 mox
181 2018 265 2083 versi
286 2018 320 2081 in
342 2017 453 2081 luxum
477 2023 508 2081 ct
530 2017 629 2100 raptis
645 2016 786 2100 opulenti
802 2017 945 2081 omittere
961 2017 1124 2098 stationes,

83 2122 217 2188 lascivia
239 2122 402 2206 epularum
426 2129 480 2185 aut
503 2141 612 2186 somno
636 2128 668 2186 et
690 2121 765 2185 vino
787 2123 1005 2204 procumbere.
1030 2121 1126 2205 igitur

84 2225 191 2292 hostes
203 2225 324 2291 incuria
340 2246 447 2290 corum
464 2232 614 2310 conperta
629 2224 691 2290 duo
707 2225 836 2309 agmina
851 2232 975 2309 parant,
993 2246 1124 2307 quorum

87 2330 185 2395 altero
208 2331 408 2414 populatores
431 2330 670 2411 invaderentur,
700 2329 755 2394 alii
779 2336 883 2395 castra
906 2331 1051 2394 Romana
1072 2329 1125 2394 ad-

85 2441 274 2518 pugnarent,
302 2455 366 2499 non
389 2454 446 2518 spe
469 2434 627 2518 capiendi,
659 2433 716 2499 scd
739 2440 774 2498 ut
797 2434 943 2515 clamore,
975 2434 1046 2498 telis
1069 2453 1125 2498 suo

86 2539 219 2621 quisque
248 2539 386 2623 periculo
415 2538 557 2603 intentus
588 2558 737 2603 sonorem
767 2537 899 2602 alterius
927 2538 1039 2621 proelii
1062 2557 1124 2601 non

84 2643 250 2727 acciperet.
289 2643 441 2707 tenebrae
471 2643 601 2726 insuper
631 2642 772 2707 delectae
799 2641 979 2725 augendam
1002 2640 1044 2704 ad
1067 2640 1124 2706 for-

86 2745 247 2810 midinem.
286 2745 343 2811 sed
374 2746 428 2829 qui
459 2746 576 2811 vallum
604 2746 766 2829 legionum
788 2747 1000 2828 temptabant,
1032 2745 1126 2810 facile

85 2849 257 2934 pelluntur,
293 2849 471 2915 Thraecum
500 2850 622 2914 auxilia
651 2849 817 2934 repentino
848 2849 977 2914 incursu
1007 2848 1125 2930 territa,

86 2973 157 3018 cum
180 2974 254 3038 pars
276 2954 502 3019 munitionibus
524 2954 717 3036 adiacerent,
740 2955 847 3038 plures
870 2960 962 3018 extra
984 2954 1127 3038 palaren-

86 3063 146 3138 tur,
169 3064 258 3122 tanto
282 3058 436 3124 infensius
459 3059 554 3140 caesi,
578 3064 696 3142 quanto
718 3058 872 3143 perfugae
896 3065 927 3123 ct
950 3058 1126 3142 proditores

87 3159 169 3226 ferre
196 3181 285 3226 arma
311 3162 353 3226 ad
381 3183 473 3227 suum
494 3163 679 3246 patriaeque
702 3162 866 3228 servitium
888 3163 1124 3227 incusabantur.

173 3265 225 3330 49.
249 3266 381 3332 Postera
400 3265 452 3331 die
468 3265 605 3332 Sabinus
622 3267 795 3332 exercitum
811 3286 912 3348 aequo
933 3267 1001 3331 loco
1024 3271 1126 3330 osten·
1152 3258 1290 3373 ”azlg'l'

87 3369 142 3451 dit,
167 3370 194 3434 si
216 3370 343 3435 barbari
366 3390 513 3435 successu
536 3371 638 3437 noctis
658 3371 777 3436 alacres
793 3370 946 3454 proelium
961 3368 1124 3434 auderent.
1158 3396 1284 3450 prnsus„

86 3479 119 3538 et
141 3480 309 3558 postquam
332 3475 459 3539 castello
469 3473 535 3538 ’777
551 3475 726 3540 coniunctis
741 3473 870 3539 tumulis
885 3494 949 3538 non
965 3472 1126 3557 degredie·
1174 3465 1270 3519 mm·

87 3578 212 3659 bantur,
243 3577 401 3643 obsidium
432 3579 535 3663 coepit
566 3599 623 3663 per
652 3578 821 3664 praesidia,
846 3597 928 3660 quae
950 3583 1125 3661 opportune

87 3681 151 3745 iarn
174 3683 350 3766 muniebat;
386 3682 460 3747 dein
482 3682 603 3748 fossam
624 3683 817 3765 loricamque
840 3687 1016 3746 contexens
1039 3687 1126 3764 quat-

87 3791 159 3850 tuor
181 3786 267 3850 milia
289 3806 438 3871 passuum
461 3787 584 3850 ambitu
605 3788 771 3871 amplexus
794 3793 855 3871 est;
879 3791 947 3849 tum
962 3784 1125 3868 paulatim,

88 3894 124 3952 77
160 3909 277 3970 aquam
317 3891 532 3974 pabulumque
569 3890 716 3976 eriperet,
760 3888 949 3956 contrahere
991 3889 1140 3952 claustra
