2760 4214
245 163 307 228 132
481 177 531 233 Ab
551 192 667 232 excessu
684 177 718 231 D.
732 171 859 246 Augusti
877 176 919 232 IV
938 180 1048 233 16-19.

92 356 152 400 ’¹³¹1‘
166 355 206 399 θῦε
332 353 381 416 16.
406 353 471 418 Sub
502 350 587 416 idern
617 358 742 435 tempus
771 350 812 415 de
842 349 971 416 flamine
1000 351 1086 415 Diali
1116 352 1150 416 in
1179 352 1283 418 locum

73 425 227 548 &353⁰ss
244 457 335 524 Servi
350 456 579 540 Maluginensis
602 454 743 520 defuncti
762 454 909 538 legendo,
932 455 1025 519 simul
1041 455 1185 539 roganda
1200 478 1284 523 nova

103 564 200 675 lm
243 561 315 645 lege
337 559 484 627 disseruit
507 560 633 626 Caesar.
662 579 736 623 nam
759 558 907 642 patricios
927 559 1133 626 confarreatis
1148 563 1284 646 parenti·

103 702 147 746 m
162 704 198 747 ,a
244 666 304 731 bus
325 665 450 750 genitos
472 672 537 729 tres
559 663 651 728 simul
673 663 840 743 nominari,
865 684 905 728 ex
929 663 999 746 quis
1018 685 1100 730 unus
1114 665 1283 749 legeretur,

77 770 222 820 ”duflum-
244 774 368 834 vetusto
383 788 483 852 more,
506 786 611 849 neque
626 765 750 847 adesse,
772 772 807 830 ut
822 767 906 847 olim,
931 786 1001 831 eam
1016 768 1150 851 copiam,
1167 769 1284 835 omissa

245 871 463 938 confarreandi
478 870 689 936 adsuetudine
704 877 759 935 aut
774 870 856 935 inter
871 891 988 954 paucos
1003 877 1127 936 retenta
1152 872 1284 958 (plures-

245 997 305 1060 que
328 975 396 1041 eius
411 975 457 1041 rei
473 995 585 1039 causas
600 973 776 1055 adferebat,
799 974 996 1059 potissimam
1012 995 1113 1059 penes
1129 976 1283 1042 incuriam

245 1081 381 1147 virorum
401 1079 667 1162 feminarumque3
692 1077 844 1143 accedere
862 1079 962 1162 ipsius
977 1079 1189 1144 caerimoniae
1205 1080 1285 1144 diffi-

246 1184 388 1264 cultates,
420 1203 501 1265 quae
524 1182 666 1247 consulto
689 1181 889 1266 vitarentur),
913 1189 944 1246 et
966 1183 1115 1264 quoniam
1142 1184 1243 1248 exiret
1266 1205 1285 1250 e

245 1287 312 1353 iure
338 1287 457 1371 patrio,
493 1286 546 1369 qui
577 1285 610 1349 id
639 1285 823 1351 flamonium
852 1286 1047 1369 apisceretur
1076 1307 1221 1368 quaeque
1250 1288 1284 1352 in

246 1412 373 1456 manum
400 1390 538 1455 flaminis
565 1390 757 1455 conveniret.
795 1390 841 1453 ita
867 1389 1058 1455 medendum
1082 1398 1210 1456 senatus
1233 1391 1285 1457 de·

246 1501 330 1562 creto
352 1501 407 1560 aut
428 1495 510 1578 lege,
534 1494 616 1558 siout
641 1495 803 1577 Augustus
835 1493 991 1576 quaedam
1016 1514 1056 1559 ex
1079 1494 1207 1559 horrida
1229 1495 1284 1560 illa
1315 1541 1318 1545 »

246 1600 433 1682 antiquitate
456 1598 498 1663 ad
519 1604 719 1683 praesentem
742 1617 833 1662 usum
848 1597 999 1664 flexisset.
1031 1599 1128 1683 igitur
1142 1599 1285 1666 tractatis

246 1702 450 1786 religionibus
479 1701 631 1785 placitum
658 1701 801 1766 instituto
824 1694 987 1766 flaminum
1010 1702 1089 1766 nihil
1112 1702 1283 1768 demutari:

247 1806 304 1872 sed
332 1807 397 1870 lata
424 1806 488 1886 lex,
520 1825 582 1887 qua
611 1804 771 1869 flaminica
799 1804 903 1870 Dialis
933 1825 1091 1871 sacrorum
1124 1827 1221 1871 causa
1250 1807 1284 1871 in

247 1916 402 1995 potestate
431 1908 500 1989 viri,
532 1913 636 1973 cetera
666 1908 821 1992 promisco
850 1907 1039 1973 feminarum
1069 1910 1137 1974 iure
1164 1917 1283 1993 ageret.

248 2020 279 2078 et
311 2013 394 2078 filius
424 2010 654 2095 Maluginensis
683 2011 765 2096 patri
800 2012 959 2078 suffectus.
1005 2019 1102 2094 utque
1135 2013 1284 2097 glisceret

165 2111 167 2115 ’
248 2117 389 2201 dignatio
416 2116 614 2181 sacerdotum
641 2120 737 2197 atque
764 2114 842 2198 ipsis
864 2116 1038 2200 promptior
1059 2117 1183 2181 animus
1205 2116 1286 2182 foret

247 2221 290 2286 ad
313 2219 524 2304 capessendas
547 2218 764 2299 caerimonias,
789 2217 948 2284 decretum
973 2221 1137 2286 Oomeliae
1159 2221 1286 2305 virgini,

248 2325 389 2408 quaein
416 2325 519 2389 locum
547 2323 695 2389 Scantiae
719 2322 911 2407 capiebatur,
943 2324 1121 2389 sestertium
1152 2324 1285 2407 viciens,

248 2435 280 2495 et
303 2429 448 2510 quotiens
469 2428 616 2511 Augusta
644 2426 802 2491 theatrum
832 2426 1001 2510 introisset,
1031 2435 1065 2493 ut
1088 2428 1181 2494 sedes
1203 2429 1287 2493 inter

249 2530 423 2600 Vestalium
447 2532 633 2598 consideret.

77 2737 232 2861 ⁹333?
337 2741 386 2805 17.
422 2741 567 2807 Cornelio
602 2740 742 2824 Cethego
770 2741 899 2806 Visellio
925 2741 1066 2806 Varrone
1100 2740 1283 2806 consulibus

122 2886 188 2930 ,qm
249 2845 415 2929 pontifices
438 2864 608 2926 eorumque
631 2846 777 2929 exemplo
801 2845 897 2909 ceteri
920 2843 1109 2925 sacerdotes,
1133 2863 1204 2908 cum
1227 2863 1284 2927 pro

95 2943 215 3060 ³¹²3„st
249 2949 463 3015 incolumitate
485 2948 637 3032 principis
659 2955 735 3013 vota
757 2949 962 3032 susciperent,
985 2950 1145 3013 Neronem
1162 2966 1288 3029 quoque

81 3085 226 3131 oaaunuus
250 3058 282 3117 et
310 3053 447 3118 Drusum
477 3051 579 3117 isdem
607 3052 657 3117 dis
679 3051 951 3134 commendavere,
981 3073 1045 3117 non
1068 3058 1134 3116 tam
1157 3051 1289 3115 caritate

115 3154 194 3209 ”llll
250 3156 398 3222 iuvenum
415 3176 509 3238 quarn
524 3155 716 3238 adulatione,
733 3176 815 3238 quae
830 3156 969 3222 moribus
985 3156 1140 3240 corruptis
1154 3154 1287 3239 perinde

249 3280 378 3345 anceps,
409 3259 435 3325 si
465 3260 551 3324 nulla
581 3266 612 3325 et
643 3260 696 3324 ubi
718 3260 818 3324 nimia
842 3268 898 3324 est.
936 3280 1010 3324 nam
1033 3259 1178 3324 Tiberius
1200 3258 1288 3323 haud

249 3385 397 3447 umquam
420 3364 527 3429 domui
550 3364 730 3429 Germanici
753 3364 848 3445 mitis,
873 3370 938 3428 tum
961 3385 1038 3429 vero
1060 3364 1190 3446 aequari
1213 3363 1289 3427 adu·

248 3469 403 3533 lescentes
434 3474 583 3532 senectae
610 3487 685 3531 suae
715 3466 907 3550 inpatienter
928 3466 1075 3551 indoluit3
1105 3466 1288 3548 accitosque

248 3571 413 3657 pontifices
439 3574 644 3655 percontatus
674 3575 731 3653 est,
762 3590 838 3634 num
863 3570 897 3634 id
919 3569 1066 3653 precibus
1088 3570 1288 3653 Agrippinae

248 3681 303 3741 aut
335 3674 430 3739 minis
464 3673 657 3738 tribuissent.
704 3679 735 3736 et
764 3673 809 3736 illi
840 3673 977 3755 quidem,
1009 3693 1201 3756 quamquam
1235 3673 1290 3738 ab·

248 3784 391 3859 nuerent,
422 3776 544 3842 modice
574 3774 745 3860 perstricti3
777 3776 893 3841 etenim
923 3796 998 3860 pars
1027 3797 1145 3861 magna
1172 3797 1190 3841 e
1221 3797 1290 3861 pro·

233 3883 372 3968 pinquis
403 3881 506 3970 ipsius
536 3886 593 3947 aut
614 3880 768 3968 primores
791 3879 927 3945 civitatis
950 3885 1053 3944 erant:
1085 3886 1225 3945 ceterum
1254 3880 1289 3948 in
