2760 4214
95 2021 197 2072 1111111111

130 2091 165 2134 tet

83 2159 206 2212 110τί111111

67 2239 218 2349 btuuddttau.

240 170 281 236 86
456 187 505 242 Ab
524 202 640 242 excessu
658 188 692 242 D.
705 187 831 257 Augusti
849 188 878 241 II
897 186 1019 245 88-III
1037 191 1062 243 4.

240 381 274 428 se
298 362 444 428 Tiberius
466 363 578 446 priscis
600 361 854 446 imperatoribus,
885 363 939 444 qui
969 381 1128 427 venenum
1151 363 1184 427 in
1208 363 1286 447 Pyr-

240 487 309 530 rum
332 486 440 551 regem
462 472 628 532 vetuerant
651 465 927 550 prodiderantque.
968 472 1106 531 ceterum
1121 467 1287 532 Arminius

240 569 486 635 abscedentibus
509 570 661 634 Romanis
689 576 720 634 et
742 571 834 653 pulso
856 569 1050 635 Maroboduo
1072 589 1207 654 regnum
1229 569 1285 634 ad·

240 673 365 739 fectans
392 674 571 738 libertatem
593 674 793 757 popularium
816 672 984 738 adversam
1006 673 1129 754 habuit,
1152 675 1286 757 petitus·

241 798 302 859 que
325 778 421 842 armis
444 797 515 842 cum
530 777 620 842 varia
635 776 762 843 fortuna
778 783 921 858 certaret,
946 777 1019 842 dolo
1034 778 1286 861 propinquorum

241 880 369 947 cecidit:
393 881 542 946 liberator
563 880 650 945 haud
673 880 769 945 dubie
792 881 982 946 Germaniae
1006 888 1037 946 et
1060 882 1114 963 qui
1136 902 1201 947 non
1223 883 1286 966 pri-

239 984 363 1050 mordia
391 985 499 1068 populi
530 986 674 1066 Romani,
706 985 786 1050 sicut
816 985 870 1049 alii
900 1004 992 1068 reges
1024 984 1194 1067 ducesque,
1226 986 1284 1050 sed

240 1088 498 1154 florentissimum
527 1088 696 1172 imperium
726 1088 911 1170 lacessierit,
946 1089 1074 1172 proeliis
1103 1090 1284 1173 ambiguus,

240 1193 324 1257 bello
354 1214 418 1257 non
448 1193 559 1258 victus.
600 1199 723 1277 septem
751 1200 783 1257 et
805 1193 935 1276 triginta
957 1214 1058 1258 annos
1081 1195 1176 1274 vitae,
1209 1193 1286 1260 duo-

241 1296 344 1361 decim
359 1297 521 1380 potentiae
537 1297 688 1380 explevit,
711 1288 895 1378 caniturque
910 1295 1015 1361 adhue
1030 1297 1182 1362 barbaras
1197 1297 1285 1380 apud

241 1408 363 1484 gentes,
399 1400 591 1466 Graecorum
622 1400 790 1464 annalibus
821 1400 957 1483 ignotus,
989 1402 1042 1482 qui
1073 1420 1131 1465 sua
1160 1407 1283 1464 tantum

240 1505 403 1585 mirantur,
434 1505 585 1569 Romanis
614 1502 701 1568 haud
732 1503 864 1587 perinde
895 1504 1037 1585 celebris,
1068 1503 1143 1568 dum
1173 1511 1286 1569 vetera

243 1609 423 1673 extollimus
446 1607 620 1672 recentium
643 1608 801 1672 incuriosi.

650 1847 791 1929 LIBER
809 1847 874 1929 lll.

332 2023 359 2086 1.
384 2021 471 2086 Nihil
494 2023 675 2088 intermissa
697 2024 901 2106 navigatione
920 2023 1046 2089 hiberni
1061 2025 1157 2088 maris
1171 2024 1285 2108 Agrip-

242 2126 318 2209 pina
334 2126 505 2208 Corcyram
528 2126 664 2190 insulam
683 2126 860 2207 advehitur,
884 2127 975 2192 litora
991 2127 1158 2193 Calabriae
1173 2134 1284 2192 contra

242 2230 343 2294 sitam.
379 2229 442 2293 11110
464 2249 583 2312 paucos
606 2228 675 2294 dics
698 2229 906 2313 conponendo
928 2231 1033 2296 animo
1056 2231 1195 2312 insumit,
1218 2232 1284 2297 vio·

241 2334 327 2397 lenta
357 2333 442 2397 luctu
473 2339 504 2398 et
534 2333 642 2398 nescia
677 2333 840 2399 tolerandi.
887 2335 1013 2399 interim
1042 2334 1184 2399 adventu
1214 2335 1284 2400 eins

241 2436 349 2503 audito
380 2437 511 2502 intimus
542 2438 675 2519 quisque
704 2437 877 2502 amicorum
900 2445 932 2502 et
953 2438 1096 2521 plerique
1118 2438 1282 2520 militares

241 2548 275 2605 ut
307 2541 423 2623 quique
455 2543 512 2606 sub
537 2540 726 2606 Germanico
757 2540 916 2624 stipendia
946 2540 1097 2623 fecerant,
1128 2542 1283 2624 multique

241 2645 338 2711 etiam
361 2646 462 2729 ignoti
484 2645 599 2710 vicinis
622 2665 640 2709 e
662 2644 852 2728 municipiis,
883 2664 957 2729 pars
980 2643 1120 2710 officinm
1141 2645 1176 2709 in
1198 2645 1283 2728 prin-

242 2749 344 2832 oipem
372 2749 441 2829 rati,
473 2749 579 2832 plures
605 2748 676 2812 illos
699 2748 808 2829 secuti,
832 2767 923 2813 ruere
945 2747 986 2812 ad
1010 2747 1161 2832 oppidum
1183 2749 1283 2812 Brun-

242 2850 367 2932 disium,
403 2850 487 2932 quod
517 2851 682 2935 naviganti
716 2850 912 2916 celerrimum
945 2850 1195 2933 fidissimumque
1228 2850 1282 2916 ad-

241 2954 334 3038 pulsu
350 2961 426 3019 erat.
459 2960 554 3036 atque
576 2954 631 3018 ubi
654 2955 789 3039 primum
813 2974 854 3019 ex
877 2956 940 3020 alto
963 2955 1033 3020 visa
1057 2956 1175 3037 classis,
1200 2976 1283 3022 eom-

241 3058 369 3141 plentnr
391 3079 455 3123 non
476 3056 571 3123 modo
593 3064 702 3142 portus
725 3064 756 3123 et
778 3058 925 3142 proxima
946 3059 1052 3141 maris,
1077 3059 1134 3124 sed
1154 3060 1283 3125 moenia

241 3182 280 3226 ao
296 3167 389 3243 tecta,
415 3181 538 3243 quaque
561 3161 744 3245 longissime
767 3163 961 3246 prospectari
984 3170 1117 3247 poterat,
1140 3182 1281 3228 maeren-

242 3266 320 3330 tium
343 3266 436 3330 turba
459 3271 490 3329 et
513 3265 716 3349 rogitantium
746 3265 830 3329 inter
859 3285 903 3347 se,
936 3266 1101 3331 silentione
1131 3286 1173 3330 an
1202 3285 1282 3332 voce

242 3369 348 3451 aliqua
385 3367 600 3452 egredientem
631 3368 825 3452 exciperent.
872 3389 975 3451 neque
1007 3370 1085 3435 satis
1115 3369 1283 3436 constabat

242 3473 318 3555 quid
341 3493 398 3557 pro
420 3479 563 3555 tempore
586 3471 677 3553 foret,
708 3492 779 3535 cum
807 3473 917 3538 classis
943 3474 1095 3556 paulatim
1119 3474 1280 3554 suecessit,

242 3597 307 3642 non
330 3576 437 3657 alacri,
461 3581 496 3640 ut
518 3574 650 3658 adsolet,
674 3575 816 3659 remigio,
841 3575 898 3641 sed
920 3578 1043 3642 eunetis
1064 3576 1107 3640 ad
1122 3577 1282 3642 tristitiam

243 3679 434 3764 compositis.
465 3686 634 3763 postquam
650 3677 772 3743 duobus
788 3698 860 3743 cum
875 3680 992 3761 liberis,
1016 3679 1148 3746 feralem
1169 3700 1283 3745 urnam

242 3789 365 3864 tenens,
382 3802 510 3866 egressa
525 3783 600 3847 navi
615 3781 728 3847 defixit
743 3783 859 3865 oculos,
874 3783 960 3849 idem
976 3784 1116 3850 omnium
1130 3783 1283 3867 gemitus3

240 3905 347 3968 neque
370 3886 568 3951 discerneres
579 3886 741 3972 proximos
756 3887 887 3969 alienos,
903 3888 1042 3954 virorum
1054 3886 1286 3952 feminarumve
