2760 4214
424 204 448 243 a.
462 188 495 244 u.
509 203 532 243 c.
547 191 606 244 rur.
629 205 656 256 p.
670 187 732 243 cnr.
746 191 788 244 ιι.
1065 173 1124 268 107

84 358 319 425 multitudinem
341 361 446 426 adhuc
468 361 601 428 disiecit.
634 364 745 428 Florus
767 363 897 429 incertis
915 364 1046 429 latebris
1064 363 1126 429 vic-

47 453 48 456 '
85 469 169 529 tores
192 465 369 547 frustratus,
393 471 551 550 postremo
574 466 652 532 visis
674 466 836 548 militibus,
864 467 918 551 qui
941 467 1061 552 effugia
1083 468 1127 532 in·

41 652 44 656 Δ
86 567 243 649 sederant,
222 574 319 633 tsua
333 589 430 633 manu
446 569 568 635 cecidit
547 570 686 652 tisque
701 571 862 637 Treverici
877 571 990 636 tumult
978 578 1028 637 tus
1043 571 1124 637 finis.

173 672 224 735 43.
249 670 344 756 Apud
358 671 488 738 Aeduos
503 673 603 738 maior
617 674 716 739 moles
733 682 853 756 exorta,
877 682 997 758 quanto
1013 675 1126 740 civitas
1170 672 1272 785 supputo

85 775 225 860 opulent
216 781 318 841 roret
341 777 568 861 comprimendi
591 778 701 862 procul
722 779 924 862 praesidium.
971 780 1126 862 August-o
1158 742 1194 784 W
1226 742 1286 786 aaa

86 879 205 943 dunum
228 886 323 963 caput
345 881 449 964 gentis
472 881 602 945 armatis
624 881 805 947 cohortibus
827 882 974 948 Sacrovir
996 902 1127 967 occupa-

85 990 175 1048 verat
190 983 387 1050 nobilissima
403 1004 474 1049 cum
489 984 663 1049 Galliarum
679 986 799 1066 subole,
815 985 998 1050 liberalibus
1014 985 1127 1052 studiis

85 1088 131 1153 ibi
146 1095 285 1172 operata,
309 1093 344 1152 ut
367 1108 404 1152 eo
426 1087 559 1172 pignore
582 1095 731 1172 parentes
746 1089 1004 1173 propinquosque
1020 1109 1127 1154 eorum

85 1190 290 1275 adiungeret3
321 1191 415 1257 simul
443 1211 531 1255 arma
562 1191 684 1256 occulte
707 1190 863 1256 fabricata
886 1194 1043 1257 iuuentuti
1066 1193 1127 1259 dis-

85 1294 189 1380 pertit.
206 1293 418 1379 quadraginta
433 1294 520 1358 milia
532 1294 630 1375 fuere,
648 1294 758 1377 quinta
773 1295 822 1360 sui
838 1303 928 1379 parte
942 1296 1126 1379 legionariis

85 1400 191 1479 armis,
215 1398 312 1463 ceteri
335 1419 407 1464 cum
429 1398 596 1463 venabulis
619 1405 651 1463 et
673 1398 781 1464 cultris
812 1419 956 1482 quaeque
986 1400 1050 1464 alia
1076 1420 1128 1464 ve-

85 1502 236 1567 nantibus
253 1502 316 1566 tela
331 1507 413 1567 suut.
438 1500 632 1567 addunture
655 1502 792 1568 servitiis
814 1501 1012 1586 gladiaturae
1035 1502 1128 1567 desti-

86 1604 162 1685 nati,
187 1605 301 1686 quibus
316 1625 403 1671 more
418 1605 545 1689 gentico
562 1605 745 1672 continuum
766 1603 842 1671 ferri
862 1607 1016 1690 tegimen:
1041 1626 1128 1691 crup-

85 1707 232 1792 pellarios
255 1713 382 1789 vocant,
405 1707 581 1774 inferendis
603 1708 719 1774 ictibus
741 1708 909 1790 inhabiles,
933 1702 1128 1792 accipiendis

86 1811 343 1895 inpenetrabiles.
381 1812 580 1896 augebantur
609 1831 666 1877 eae
690 1812 800 1896 copiae
822 1812 997 1877 vicinarum
1021 1812 1128 1876 civita-

86 1920 153 1979 tum
176 1921 210 1980 ut
232 1915 373 1980 nondum
395 1922 506 1999 aperta
529 1916 747 2000 consensione,
771 1916 817 1980 ιιι
837 1916 955 1980 viritim
974 1916 1128 2000 promptis

87 2017 209 2100 studiis,
248 2025 280 2084 et
313 2020 486 2084 certamine
521 2019 636 2084 ducum
670 2022 894 2101 Romanorum,
933 2039 1011 2103 quos
1044 2020 1128 2085 inter

86 2122 309 2207 ambigebatur
337 2129 468 2206 utroque
498 2123 616 2189 bellum
647 2123 708 2188 sibi
738 2130 897 2206 poscente.
937 2144 1011 2188 mox
1027 2124 1128 2189 Varro

87 2225 247 2291 invalidus
270 2232 400 2292 senecta
421 2227 544 2310 vigenti
520 2226 644 2292 tSilio
668 2227 833 2292 concessit

175 2329 226 2394 44.
249 2330 293 2393 At
314 2331 434 2396 Romae
457 2350 521 2394 uon
543 2331 700 2395 lbeveros
726 2328 820 2394 modo
849 2336 880 2394 et
867 2328 1040 2411 tAeduos,
1072 2329 1129 2396 sed
1163 2327 1288 2382 uastoque

89 2439 236 2515 quattuor
263 2439 295 2498 et
317 2433 485 2517 sexaginta
502 2433 676 2497 Galliarum
702 2432 798 2497 civita
799 2438 848 2498 tes
799 2430 1053 2514 tdescivisse,
1076 2432 1130 2498 ad·
1147 2399 1302 2513 „migiffip

89 2536 251 2620 sumptos
242 2557 276 2601 m
288 2542 407 2602 socie
407 2542 472 2601 tem
407 2535 669 2616 t,Germanos
683 2534 797 2601 dubias
808 2536 991 2619 H1span1as
1005 2543 1129 2618 cuncta,
1154 2537 1294 2591 lllltmll·

89 2646 123 2704 ιιι
151 2660 219 2705 mos
249 2640 365 2720 famae,
396 2640 430 2704 in
460 2639 562 2705 maius
590 2637 719 2703 credita.
758 2644 905 2723 optumus
928 2641 1061 2722 quisque
1084 2641 1130 2705 rei

89 2743 235 2828 publicae
256 2764 331 2808 cura
353 2745 529 2808 maerebat:
553 2743 644 2807 multi
665 2740 738 2807 odio
760 2743 976 2827 praesentium
999 2751 1031 2808 ct
1046 2745 1129 2828 cupi-

90 2846 164 2911 dine
186 2847 368 2912 mutationis
391 2847 456 2913 suis
479 2866 602 2930 quoque
624 2845 773 2930 periculis
795 2847 1005 2928 laetabantur,
1033 2848 1131 2912 incre

89 2951 271 3036 pabantque
293 2951 465 3032 Tiberium,
497 2949 582 3032 quod
603 2949 637 3014 in
660 2955 748 3015 tanto
770 2970 875 3016 rerum
902 2957 990 3015 motu
1016 2951 1131 3017 libellis

89 3060 308 3119 accusatorum
329 3054 504 3119 insumeret
519 3073 657 3137 operam.
681 3073 724 3117 an
739 3054 941 3119 Sacrovirum
956 3055 1132 3120 maiestatis

91 3159 221 3223 crimine
243 3178 332 3223 reum
355 3158 388 3222 in
412 3164 524 3223 senatu
539 3156 630 3222 fore?
653 3156 797 3223 extitisse
813 3157 944 3222 tandem
959 3158 1053 3240 viros,
1077 3159 1130 3241 qui

91 3268 238 3328 cruentas
261 3261 415 3346 epistulas
437 3262 534 3326 armis
558 3261 751 3328 cohiberent.
775 3261 923 3326 miseram
945 3281 1058 3345 pacem
1080 3262 1132 3327 vel

90 3367 174 3431 bello
196 3367 279 3432 bene
302 3367 425 3431 mutari.
465 3371 554 3432 tanto
581 3366 747 3451 inpensius
769 3365 802 3429 in
826 3365 1028 3430 securitatem
1051 3384 1131 3429 com-

75 3469 222 3554 ·positus,
245 3489 349 3553 neque
372 3470 440 3534 loco
463 3489 568 3552 neque
591 3469 680 3534 vultu
703 3474 834 3549 mutato,
869 3465 926 3532 sed
949 3472 984 3531 ut
1006 3467 1132 3533 solitum

90 3595 148 3659 per
163 3574 233 3639 illos
249 3574 318 3640 dies
333 3575 408 3659 egit,
430 3573 598 3639 altitudine
617 3573 725 3654 animi,
749 3592 791 3637 an
807 3577 993 3656 conpererat
1007 3570 1133 3636 modica

92 3698 161 3744 esse
185 3685 215 3743 et
237 3678 376 3762 vulgatis
397 3678 525 3743 leviora.
1190 3723 1266 3770 em„

177 3781 229 3847 4ο
253 3782 385 3846 Interim
408 3781 512 3863 Silius,
537 3801 609 3846 cum
630 3779 810 3864 legionibus
829 3778 954 3844 duabus
970 3777 1132 3859 incedens,
1163 3789 1293 3846 tuoruum

91 3886 267 3972 praemissa
289 3885 436 3950 auxiliari
459 3904 555 3950 manu
578 3889 686 3951 vastat
705 3883 934 3968 Sequanorum
949 3901 1077 3966 pagos,
1093 3899 1157 3958 qm
1180 3858 1333 3970 {Qum
