2760 4214
506 201 530 238 a.
543 185 575 240 u.
588 201 611 239 ο.
625 189 683 242 uos.
711 202 737 254 p.
753 184 815 239 our.
830 190 870 242 15.
1161 171 1201 232 41

168 377 227 422 nec
258 363 367 422 contra
395 359 564 442 religiones
593 359 670 440 fieri,
702 360 786 442 quod
816 359 938 444 effigies
968 360 1045 442 eius,
1077 367 1111 425 ut
1141 361 1204 426 alia

168 460 332 525 numinum
354 462 530 545 simulacra,
558 463 794 530 venditionibus
816 463 977 530 hortorum
1000 474 1032 530 et
1054 464 1203 529 domuum

165 564 331 630 accedant.
365 567 415 632 ius
442 567 609 632 iurandum
638 567 770 652 perinde
796 567 1029 633 aestimandum
1058 570 1203 651 quamsi

167 669 276 733 Iovem
298 669 477 755 fefellisset3
502 671 632 738 deorum
654 672 785 738 iniurias
809 671 858 737 dis
881 692 983 737 curae.

255 773 305 837 74.
329 775 397 839 Nec
426 777 524 840 multo
552 782 623 860 post
646 776 799 841 Granium
821 777 1003 841 Marcellum
1026 783 1203 861 praetorem
1237 783 1354 889 mm

165 876 339 960 Bithyniae
377 887 525 961 quaestor
556 881 656 964 ipsius
687 881 804 964 Caepio
836 880 998 964 Crispinus
1028 881 1204 946 maiestatis
1356 873 1363 888 ⁶

166 982 347 1064 postularit,
379 982 596 1050 subscribente
625 986 768 1050 Romano
799 985 953 1068 Hispone:
986 986 1039 1067 qui
1070 983 1204 1051 formam

167 1085 252 1149 ritae
275 1085 355 1167 iniit,
379 1107 474 1169 quarn
497 1094 609 1172 postea
632 1090 788 1155 celebrem
812 1090 958 1154 miseriae
981 1096 1157 1173 temporum
1174 1094 1205 1153 et

164 1187 320 1255 audaciae
336 1190 497 1257 hominum
512 1186 664 1258 fecerunt.
688 1213 762 1257 narn
779 1213 887 1277 egens,
910 1193 1047 1276 ignotus,
1068 1193 1203 1276 inquies,

167 1292 242 1358 dum
277 1296 407 1360 occultis
440 1296 556 1362 libellis
590 1298 742 1363 saevitiae
776 1297 928 1381 principis
961 1296 1094 1380 adrepit,
1129 1318 1203 1362 mox

166 1397 340 1465 clarissimo
379 1400 491 1482 cuique
528 1402 702 1485 periculum
735 1401 874 1482 facessit,
912 1401 1085 1485 potentiam
1119 1400 1204 1485 apud

168 1521 276 1582 unum,
299 1502 405 1567 odium
428 1504 514 1588 apud
533 1505 635 1570 omnis
650 1504 786 1589 adeptus
801 1503 890 1569 dedit
905 1505 1097 1589 exemplum,
1120 1504 1203 1586 quod

168 1606 270 1670 secuti
301 1627 342 1671 ex
373 1609 565 1692 pauperibus
596 1608 720 1691 divites,
751 1631 792 1674 ex
824 1609 1011 1693 contemptis
1041 1607 1203 1673 metuendi

165 1710 338 1793 perniciem
360 1712 430 1778 aliis
452 1734 490 1778 ac
512 1721 705 1797 postremum
728 1715 790 1778 sibi
812 1715 971 1779 invenere.
1004 1712 1062 1778 sed
1076 1713 1204 1777 Marcel-

167 1814 232 1878 lum
254 1815 480 1881 insimulabant
503 1818 646 1883 sinistros
668 1818 710 1883 de
725 1818 851 1883 Tiberio
868 1837 1028 1883 sermones
1044 1816 1202 1898 habuisse,
1219 1834 1222 1840 ’

164 1916 349 1983 inevitabile
373 1920 500 2001 crimen,
526 1941 597 1985 cum
620 1941 661 1988 ex
684 1922 823 1986 moribus
846 1921 998 2006 principis
1020 1919 1204 1986 foedissima

167 2041 312 2104 quaeque
336 2022 490 2107 deligeret
511 2031 675 2090 accusator
697 2025 932 2107 obiectaretque
948 2045 1015 2110 reo;
1038 2045 1113 2088 nam
1129 2024 1203 2107 quia

165 2144 244 2190 uera
266 2134 364 2209 erant,
389 2128 485 2192 etiam
508 2128 594 2194 dicta
617 2128 834 2195 credebantur.
873 2128 997 2194 addidit
1019 2129 1120 2213 Hispo
1143 2135 1203 2194 sta-

168 2235 255 2294 tuam
277 2231 415 2297 Marcelli
445 2233 540 2299 altius
571 2254 666 2316 quam
690 2235 861 2300 Caesarum
892 2234 995 2314 sitam,
1026 2240 1058 2298 et
1084 2233 1148 2297 alia
1169 2233 1203 2296 in

166 2340 272 2399 statua
293 2342 454 2420 amputato
477 2338 581 2421 capite
596 2337 732 2422 Augusti
755 2337 895 2422 effigiem
917 2337 1036 2403 Tiberii
1059 2335 1201 2401 inditam.

165 2436 211 2501 ad
233 2437 316 2521 quod
340 2440 460 2506 exarsit
482 2439 572 2522 adeo,
595 2447 630 2504 ut
652 2447 745 2524 rupta
766 2441 982 2505 taciturnitate
997 2441 1203 2524 proclamaret

165 2561 201 2606 se
232 2562 356 2624 quoque
386 2544 418 2608 in
451 2564 489 2608 ea
519 2564 616 2609 causa
647 2545 783 2609 laturum
811 2545 1011 2624 sententiam,
1042 2545 1148 2627 palam
1172 2551 1203 2607 et

166 2645 311 2728 iuratum,
336 2668 397 2730 quo
420 2648 532 2713 ceteris
556 2648 668 2713 eadem
691 2649 863 2714 necessitas
885 2648 983 2713 fieret.
1030 2648 1203 2713 manebant

165 2751 263 2815 etiarn
285 2759 353 2815 tum
375 2753 512 2837 vestigia
534 2753 696 2818 morientis
719 2753 883 2818 libertatis.
930 2752 1026 2836 igitur
1048 2753 1105 2818 Cn.
1129 2751 1202 2815 Piso

165 2847 249 2936 ‘quo'
279 2855 382 2937 inquit
410 2848 489 2922 ‘loco
512 2857 668 2938 censebis,
698 2857 838 2922 Caesar?
868 2856 894 2921 si
918 2856 1047 2940 primus,
1078 2854 1202 2920 habebo

165 2958 251 3040 quod
273 2978 400 3041 sequar:
433 2959 460 3024 si
490 2966 563 3045 post
592 2960 706 3041 omnis,
738 2979 848 3025 vereor
877 2980 918 3024 ne
947 2958 1120 3043 inprudens
1142 2958 1202 3025 dis-

165 3058 324 3127 sentiam’
362 3068 523 3146 permotus
545 3063 606 3144 his,
642 3069 822 3146 quantoque
844 3063 1001 3128 incautius
1025 3063 1201 3143 efferverat,

165 3165 361 3248 paenitentia
388 3167 516 3250 patiens
545 3168 616 3231 tulit
642 3166 765 3232 absolvi
791 3186 879 3231 reum
902 3166 1085 3231 criminibus
1108 3165 1202 3230 maic-

166 3270 270 3334 statis:
295 3270 335 3335 de
358 3271 501 3354 pecuniis
523 3270 707 3355 repetundis
730 3270 772 3335 ad
795 3271 1019 3354 reciperatores
1041 3270 1120 3333 itum
1144 3277 1200 3334 est.

254 3374 303 3438 75.
328 3375 396 3438 Nec
418 3381 543 3458 patrum
566 3374 798 3458 cognitionibus
821 3374 953 3439 satiatus
975 3372 1100 3437 iudiciis
1121 3371 1202 3437 adsi·
1220 3367 1375 3488 &rimu

167 3477 263 3543 debat
285 3479 319 3542 in
342 3499 439 3544 cornu
454 3479 628 3559 tribunalis,
652 3498 692 3543 ne
708 3484 885 3562 praetorem
902 3476 1000 3541 curuli
1016 3474 1201 3560 depelleret,
1243 3507 1353 3560 (quum,

165 3582 327 3665 multaque
343 3603 380 3648 eo
396 3603 501 3648 coram
516 3582 668 3647 adversus
683 3582 838 3647 ambitum
854 3587 886 3647 et
900 3580 1076 3664 potentium
1092 3599 1203 3663 preces
1230 3593 1296 3637 eous
1310 3593 1367 3645 sau

165 3687 343 3752 constituta.
382 3695 430 3752 set
445 3687 521 3751 dum
536 3687 662 3752 veritati
678 3685 859 3766 consulitur,
882 3684 1011 3749 libertas
1027 3703 1203 3767 corrumpe·
1243 3660 1354 3714 mmm·

165 3790 266 3855 batur.
304 3791 386 3857 inter
416 3812 497 3874 quae
527 3791 604 3855 Pius
626 3790 773 3854 Aurelius
805 3794 932 3854 senator
961 3794 1091 3870 questus
1120 3787 1202 3851 mole

165 3894 311 3978 publicae
341 3895 412 3960 viae
443 3894 601 3978 ductuque
630 3908 788 3980 aquarum
807 3893 994 3962 labefactas
1015 3891 1111 3960 aedis
1130 3908 1229 3967 suas,
