2760 4214
60 694 107 738 tot

9 763 45 808 tet
59 763 161 816 uusado.

182 177 246 242 164
440 193 489 248 Ab
507 208 624 247 excessu
640 194 674 249 D.
687 194 815 263 Augusti
832 194 859 248 V
880 198 955 250 1-4.

588 469 736 550 LIBER
762 469 803 552 V.

270 679 297 743 1.
313 678 459 743 Rubellio
475 685 507 743 et
519 678 609 742 Fufio
625 678 816 759 consulibus,
833 698 965 760 quorum
980 679 1104 761 utrique
1116 679 1220 745 Gemi-

180 803 241 847 nus
255 787 500 865 cognomentum
516 788 592 863 erat,
608 782 689 846 Iulia
703 782 849 865 Augusta
864 789 995 846 mortem
1010 783 1098 864 obiit,
1113 790 1219 848 aetate

181 893 333 966 extrema,
356 885 529 950 nobilitatis
551 905 608 969 per
631 885 795 951 Claudiam
818 885 971 950 familiam
994 893 1026 950 et
1047 885 1220 970 adoptione

180 989 341 1055 Liviorum
350 989 563 1072 Iuliorumque
576 989 777 1054 clarissimae.
793 989 930 1073 primum
942 990 972 1055 ei
983 991 1220 1056 matrimonium

182 1100 214 1158 et
234 1093 325 1158 liberi
348 1093 436 1159 suere
465 1113 536 1157 cum
557 1093 685 1158 Tiberio
708 1095 845 1174 Nerone,
877 1095 931 1175 qui
960 1095 1043 1159 bello
1065 1095 1219 1160 Perusino

181 1197 341 1282 profugus,
365 1217 445 1282 pace
467 1197 549 1261 inter
568 1198 641 1262 Sex.
659 1197 845 1280 Pompeium
866 1217 905 1262 ao
928 1198 1108 1264 triumviros
1124 1205 1220 1283 pacta

181 1301 214 1366 in
243 1302 354 1365 urbem
384 1300 486 1365 rediit.
533 1301 608 1365 exin
639 1302 757 1367 Caesar
787 1300 935 1385 cupidine
965 1302 1085 1367 formae
1115 1303 1220 1368 aufert

181 1407 302 1486 marito,
326 1407 481 1471 incertum
503 1426 545 1469 an
560 1405 703 1487 invitam,
727 1405 808 1470 adeo
823 1425 985 1490 properus,
1008 1413 1043 1471 ut
1059 1427 1100 1471 ne
1116 1408 1219 1492 spatio

181 1509 308 1592 quidem
330 1509 372 1573 ad
396 1507 579 1574 enitendum
603 1508 676 1574 dato
699 1510 869 1593 penatibus
892 1509 957 1574 suis
984 1509 1152 1593 gravidam
1175 1512 1219 1575 in·

181 1613 315 1678 duxerit.
354 1613 472 1676 nullam
501 1613 634 1696 posthae
664 1613 807 1678 subolem
841 1613 950 1696 edidit,
983 1613 1040 1678 sed
1070 1615 1221 1698 sanguini

181 1717 316 1802 Augusti
338 1738 395 1800 per
418 1717 671 1782 coniunctionem
687 1717 883 1801 Agrippinae
906 1724 938 1782 et
961 1717 1142 1783 Germanioi
1165 1717 1218 1783 ad-

180 1841 266 1887 nexa
299 1840 481 1885 communes
513 1828 703 1904 pronepotes
736 1820 856 1885 habuit.
904 1822 1071 1886 sanctitate
1104 1821 1218 1888 domus

180 1925 317 2009 priscum
346 1922 389 1987 ad
419 1942 548 2003 morem,
580 1924 678 1989 comis
704 1924 788 1988 ultra
810 1943 906 2005 quam
928 1925 1067 2007 antiquis
1089 1924 1218 1991 feminis

157 2015 355 2112 probatum,
379 2032 479 2090 mater
501 2026 658 2110 inpotens,
689 2048 769 2092 uxor
798 2026 901 2092 facilis
931 2033 964 2092 et
993 2048 1064 2092 cum
1093 2028 1216 2094 artibus

34 2558 138 2604 titulus

30 2627 143 2683 tetdrdatt

21 2700 56 2744 tte
68 2699 149 2751 ditem

8 2769 158 2823 brectonum.

180 2130 293 2210 mariti,
338 2129 536 2194 simulatione
574 2129 630 2194 filii
671 2130 753 2197 bene
790 2131 972 2216 composita.
1016 2132 1113 2197 funus
1150 2133 1219 2199 eius

179 2233 345 2313 modicum,
385 2238 607 2297 testamentum
640 2232 695 2298 diu
728 2234 856 2300 inritum
889 2235 958 2300 suit.
1005 2236 1134 2301 laudata
1171 2244 1220 2302 est

180 2359 236 2423 pro
264 2338 373 2403 rostris
402 2357 423 2400 a
449 2336 529 2402 Gaio
553 2338 689 2404 Caesare
715 2347 897 2424 pronepote,
928 2341 982 2422 qui
1012 2361 1086 2405 mox
1113 2361 1218 2406 rerum

180 2442 297 2528 potitus
320 2448 376 2506 est.

266 2546 296 2611 2.
320 2547 363 2611 lt
391 2544 547 2630 Tiberine,
579 2547 662 2629 quod
692 2547 847 2631 supremis
876 2549 910 2612 in
940 2555 1073 2613 matrem
1103 2549 1218 2615 officiis

180 2650 342 2732 defuisset,
375 2651 453 2714 nibil
479 2656 601 2715 mutata
623 2650 814 2715 amoenitate
837 2650 932 2731 vitae,
963 2652 1218 2736 magnitudinem

180 2755 375 2838 negotiorum
398 2774 455 2837 per
477 2753 598 2819 litteras
621 2754 796 2835 excusarit,
823 2754 1022 2838 honoresque
1044 2758 1217 2823 memoriae

179 2858 248 2923 eius
273 2858 314 2922 ab
342 2864 455 2921 senatu
482 2858 568 2941 large
591 2857 735 2923 decretos
762 2859 852 2940 quasi
874 2879 931 2942 per
953 2859 1140 2924 modestiam
1162 2861 1218 2925 im-

180 2961 301 3042 minuit,
324 2960 434 3044 paucis
456 2959 628 3025 admodum
650 2961 786 3045 receptis
809 2969 840 3026 et
862 2961 981 3046 addito,
1005 2982 1045 3027 ne
1069 2965 1216 3030 caelestis

179 3064 289 3148 religio
319 3063 553 3129 decerneretur:
585 3064 630 3129 sie
660 3065 762 3149 ipsam
789 3067 947 3132 maluisse.
972 3067 1049 3149 quin
1072 3075 1103 3132 et
1126 3075 1217 3151 parte

179 3166 321 3233 eiusdem
344 3167 497 3251 epistulae
520 3167 675 3252 increpuit
697 3169 853 3233 amicitias
876 3170 1055 3251 muliebres,
1089 3171 1216 3236 Fufium

180 3273 339 3337 consulem
355 3271 481 3354 oblique
492 3272 718 3355 perstringens.
734 3273 762 3337 is
773 3273 876 3357 gratia
883 3274 1048 3356 Augustae
1059 3273 1215 3357 floruerat,

178 3383 272 3461 aptus
300 3375 479 3441 alliciendis
508 3375 698 3441 feminarum
728 3377 854 3458 animis,
886 3376 980 3442 dicax
1003 3377 1089 3443 idem
1112 3386 1144 3443 et
1165 3380 1217 3444 Ti-

179 3481 300 3546 berium
333 3480 458 3544 acerbis
488 3479 613 3545 facetiis
642 3479 780 3545 inridere
810 3480 928 3564 solitus,
963 3503 1096 3564 quarum
1129 3483 1216 3566 apud

178 3590 401 3670 praepotentes
424 3584 456 3647 in
479 3584 608 3667 longum
631 3585 782 3649 memoria
804 3592 861 3651 est.

8 3701 162 3755 cerussata
266 3687 294 3752 3.
312 3689 460 3754 Ceterum
480 3707 520 3751 ex
538 3708 574 3752 eo
589 3694 759 3772 praerupta
774 3688 837 3753 iam
853 3694 885 3753 et
900 3709 1016 3773 urgens
1031 3688 1215 3756 dominatio.

58 3768 111 3816 iiber

8 3838 138 3893 uadatus

176 3813 251 3858 nam
274 3791 424 3858 incolumi
446 3791 592 3875 Augusta
621 3799 688 3856 erat
717 3791 822 3856 adbuc
848 3792 1037 3877 perfugium,
1069 3793 1144 3875 quia
1165 3794 1216 3858 'li-

21 3906 45 3950 u
57 3908 128 3955 uero.
165 3897 257 3965 berio
272 3898 494 3967 inveteratum
511 3918 589 3986 erga
602 3902 740 3964 matrem
753 3896 948 3978 obsequium,
959 3917 1063 3977 neque
1079 3897 1217 3964 Seianus
