2760 4214
77 739 182 784 tiberias

71 808 188 863 tabltrbt,

60 879 107 924 tter
117 880 198 924 senate

98 950 154 1002 trru=

70 1019 190 1073 subtritos.

77 2611 170 2658 weltere

100 2681 151 2727 bots

53 2750 193 2805 taciturnus

99 2819 150 2866 itta

106 2893 146 2937 int

66 2962 180 3017 nisinun.

228 134 290 198 146
461 151 510 204 Ab
529 165 644 205 excessu
662 151 695 205 D.
709 151 834 220 Augusti
853 151 893 206 IV
912 154 1024 208 ‹tl-45.

226 324 378 409 paulatim
406 324 534 409 negotia
563 325 660 405 urbiS,
696 325 804 409 populi
833 324 996 406 adcursus,
1032 325 1267 390 multitudinem

225 427 432 493 adfluentium
455 428 607 511 increpat,
631 428 787 494 extollens
810 429 956 494 laudibus
979 430 1118 511 quietem
1141 437 1173 494 et
1196 430 1265 495 soli·

225 532 378 613 tudinem,
402 533 473 615 quis
495 534 609 599 abesse
631 532 738 597 taedia
761 539 792 597 et
814 533 1006 598 offensiones
1033 554 1071 597 ac
1093 534 1266 618 praecipua

225 658 329 702 rerum
351 637 491 701 maxime
513 637 635 721 agitari.

312 741 363 806 42.
388 742 436 805 Ae
459 741 538 806 forte
561 740 671 806 habita
693 761 750 825 per
772 742 843 807 illos
866 741 934 807 dies
957 742 997 806 de
1020 743 1155 808 Votieno
1178 744 1265 808 Mon·

224 851 309 926 tano,
334 845 467 910 celebris
489 845 610 929 ingenii
632 846 709 926 viro,
743 846 881 928 cognitio
904 852 1105 911 cunctantem
1128 846 1191 910 iam
1214 847 1265 910 Ti·

224 949 347 1014 berium
369 950 514 1033 perpulit,
544 958 577 1014 ut
599 948 746 1014 vitandos
770 950 911 1016 erederet
934 956 1059 1034 patrum
1083 957 1190 1015 coetus
1213 971 1265 1014 vo-

225 1073 349 1136 cesque,
379 1074 460 1136 quae
488 1055 672 1138 plerumque
700 1075 795 1120 verae
823 1062 991 1139 etgraves
1014 1055 1264 1139 eoramingere·

223 1157 347 1221 bantur.
386 1178 460 1221 nam
490 1159 648 1242 postulato
671 1158 805 1223 Votieno
835 1160 875 1224 ob
900 1159 1107 1223 contumelias
1129 1159 1163 1223 in
1187 1160 1264 1224 Cae-

223 1281 327 1326 sarem
360 1260 472 1342 dictas,
507 1263 597 1327 testis
627 1263 780 1327 Aemilius
812 1282 829 1326 e
863 1262 1051 1327 militaribus
1082 1262 1159 1326 viris
1187 1261 1264 1326 dum

223 1364 327 1430 studio
350 1365 506 1449 probandi
529 1372 642 1430 cuncta
664 1366 761 1430 refert
784 1373 816 1429 et
840 1386 1032 1448 quamquam
1047 1365 1130 1430 inter
1145 1367 1263 1430 obstre-

223 1475 334 1553 pentes
372 1490 489 1553 magna
525 1469 765 1534 adseveratione
803 1470 922 1550 nititur,
960 1469 1084 1534 audivit
1116 1470 1263 1534 Tiberius

223 1575 347 1657 probra,
371 1574 442 1656 quis
464 1594 521 1658 per
537 1575 693 1638 oecultum
708 1574 917 1652 lacerabatur,
940 1573 1083 1655 adeoque
1099 1574 1262 1657 perculsus

222 1683 280 1758 est,
311 1684 345 1742 ut
368 1697 403 1742 se
425 1678 478 1742 vel
500 1678 607 1742 statim
630 1679 683 1743 rel
705 1679 738 1742 in
762 1677 941 1762 cognitione
969 1683 1175 1761 purgaturum
1203 1677 1262 1741 cla-

222 1782 348 1846 mitaret
384 1782 594 1866 precibusque
634 1783 861 1866 proximorum,
899 1780 1082 1846 adulatione
1120 1781 1262 1846 omniurn

221 1907 317 1971 aegre
348 1892 549 1970 componeret
578 1887 729 1951 animum.
770 1894 801 1950 et
824 1886 977 1951 Votienus
1009 1884 1137 1967 quidem
1168 1885 1262 1950 maic-

221 1990 312 2055 statis
335 1991 445 2073 poenis
468 1989 612 2054 adfectus
633 1995 694 2054 est:
719 1991 838 2055 Caesar
852 1989 1010 2054 obiectam
1025 1989 1086 2054 sibi
1108 1988 1262 2053 adversus

221 2115 292 2160 reos
325 2096 561 2160 inclementiam
590 2115 627 2160 eo
657 2095 856 2180 pervicacius
888 2095 1066 2178 amplexus,
1101 2093 1260 2174 Aquiliam

221 2198 367 2263 adulterii
389 2198 526 2264 delatam
550 2220 621 2263 cum
637 2199 733 2265 Vario
748 2200 874 2283 Ligure,
899 2218 1091 2281 quamquam
1106 2198 1260 2263 Lentulus

220 2302 403 2368 Gaetulicus
427 2305 536 2368 consul
562 2303 747 2388 designatus
762 2303 834 2387 lege
850 2302 931 2367 Iulia
946 2300 1139 2382 damnasset,
1163 2301 1259 2365 exilio

220 2407 345 2490 punivit
368 2406 581 2491 Apidiumque
600 2408 763 2487 Merulam,
788 2405 872 2488 quod
895 2406 1023 2470 inacta
1046 2405 1113 2469 divi
1124 2404 1260 2487 Augusti

221 2532 283 2576 non
306 2512 475 2591 iuraverat,
499 2512 571 2576 albo
594 2512 751 2576 senatorio
774 2510 878 2575 erasit.

306 2616 358 2680 43.
376 2615 512 2681 Auditae
525 2615 640 2680 dehinc
651 2613 975 2679 Lacedaemoniorum
988 2619 1018 2677 et
1031 2612 1257 2678 Messeniorum

219 2721 394 2804 legationes
418 2720 457 2784 de
480 2720 547 2784 iure
570 2718 680 2802 templi
703 2719 827 2783 Dianae
850 2717 1049 2797 Limnatidis,
1081 2716 1166 2799 quod
1192 2717 1258 2780 suis

219 2845 239 2888 a
261 2824 432 2889 maioribus
456 2844 576 2906 suaque
591 2825 624 2887 in
641 2830 725 2888 terra
740 2823 879 2887 dicatum
895 2820 1138 2886 Lacedaemonii
1156 2819 1257 2884 firma-

219 2930 297 2993 bant
319 2928 481 2992 annalium
504 2928 656 2992 memoria
671 2934 842 3008 vatumque
859 2926 1061 3005 carminibus,
1085 2924 1142 2989 sed
1157 2925 1258 2989 Mace-

220 3032 311 3096 donis
334 3031 482 3113 Philippi,
507 3050 578 3094 cum
602 3051 663 3113 quo
687 3032 869 3111 bellassent,
893 3030 990 3094 armis
1011 3028 1196 3112 ademptum
1218 3046 1258 3091 ac

219 3141 290 3220 post
314 3136 347 3201 O.
366 3135 511 3200 Caesaris
534 3141 565 3200 et
580 3136 620 3199 M.
637 3135 768 3201 Antonii
783 3134 942 3199 sententia
957 3132 1124 3198 redditum.
1149 3137 1258 3196 contra

218 3239 367 3305 Messenii
390 3244 529 3304 veterem
552 3240 635 3303 inter
656 3238 801 3303 Herculis
823 3244 966 3321 posteros
989 3236 1178 3300 divisionem
1201 3235 1257 3298 Pe·

218 3344 384 3429 loponnesi
406 3345 572 3429 protulere,
597 3362 716 3424 suoque
735 3341 803 3426 regi
818 3340 1056 3406 Denthaliatem
1078 3359 1199 3422 agrurn,
1223 3337 1257 3401 in

219 3470 281 3531 quo
297 3449 329 3512 id
350 3448 524 3528 delubrum,
549 3447 696 3529 cessisse3
718 3445 974 3525 monimentaque
990 3444 1057 3508 eius
1072 3442 1118 3508 rei
1134 3441 1257 3525 sculpta

218 3554 307 3620 saxis
330 3561 362 3618 et
384 3573 457 3618 aere
480 3552 583 3636 prisco
606 3570 744 3616 manere.
786 3548 870 3631 quod
893 3549 920 3613 si
943 3556 1062 3628 vatum,
1094 3546 1258 3610 annalium

217 3658 294 3722 adt
281 3664 329 3722 tes
331 3657 463 3721 timonia
485 3662 647 3735 vocentur,
671 3655 776 3738 plures
796 3653 911 3718 sibiae
931 3651 1150 3736 locupletiores
1170 3669 1255 3733 esse,

208 3781 321 3843 neque
345 3759 527 3843 Philippum
550 3767 605 3844 pot
606 3764 660 3824 ent
662 3758 701 3839 ia,
730 3756 787 3822 sed
810 3777 851 3822 ex
874 3775 949 3820 vero
977 3755 1139 3820 statuisse:
1170 3752 1256 3816 idem

203 3865 296 3949 regis
321 3863 489 3951 Antigoni,
521 3862 637 3930 idem
630 3860 827 3950 imperatoris
849 3858 992 3923 Mummii
1014 3857 1178 3940 iudicium3
1210 3856 1258 3921 sio
