2760 4214
423 170 446 207 a.
461 154 493 209 U.
507 170 529 208 0.
544 155 631 223 uallo.
653 153 839 223 00111110.
1091 137 1152 202 111

114 380 117 385 .
198 325 248 391 52.
274 327 308 392 C.
327 326 485 411 Sulpicius
505 329 544 392 D.
562 327 710 393 Haterius
734 329 878 394 consules
901 335 1084 412 sequuntur,
1107 329 1152 393 in·
1223 326 1274 371 ’ΒΨ

110 429 257 496 turbidus
280 431 421 495 externis
444 432 539 496 rebus
560 450 674 512 annus,
703 430 789 496 domi
807 438 960 515 suspecta
981 432 1152 497 severitate
1178 397 1318 511 lwlilllm

108 533 280 599 adversum
309 533 431 614 luxum,
463 534 517 616 qui
546 535 726 599 inmensum
756 541 941 619 proruperat
963 534 1006 600 ad
1029 541 1151 617 cuncta,
1184 535 1224 579 ”²¹¹
1238 535 1317 589 curua

112 638 183 720 quis
212 637 348 721 pecunia
378 635 564 721 prodigitur.
603 636 661 702 sed
690 637 754 702 alia
784 644 975 722 sumptuum,
1007 638 1153 721 quamvis

108 742 267 824 graviora,
302 740 507 806 dissimulatis
541 742 727 824 plerumque
761 741 871 826 pretiis
900 743 1151 827 occultabantur3

111 846 231 910 ventris
262 851 293 910 et
319 864 444 929 ganeae
474 851 604 929 paratus
632 844 775 910 adsiduis
805 846 1002 911 sermonibus
1032 846 1154 929 vulgati

110 950 255 1014 fecerant
279 970 397 1031 curam,
421 969 461 1014 ne
484 950 633 1034 princeps
648 949 799 1031 antiquae
815 949 1027 1034 parsimoniae
1043 949 1152 1014 durius

110 1052 302 1119 adverteret.
327 1074 402 1118 nam
417 1054 599 1138 incipiente
608 1053 642 1119 Ο.
656 1054 771 1118 Bibulo
784 1053 880 1118 ceteri
893 1073 1018 1137 quoque
1033 1052 1165 1119 aediles'

110 1157 336 1238 disserueram,
371 1157 478 1241 sperni
502 1157 730 1241 sumptuariam
753 1158 857 1242 legem
880 1158 1043 1240 vetitaque
1066 1164 1153 1223 uten-

109 1261 217 1327 silium
244 1261 347 1344 pretia
374 1261 484 1344 augeri
507 1260 540 1324 in
564 1260 642 1342 dies,
673 1280 734 1325 nec
764 1260 974 1327 mediocribus
1004 1261 1153 1327 remediis

110 1366 181 1430 sisti
204 1384 306 1449 posse.
346 1370 378 1429 et
405 1364 539 1429 consulti
561 1370 668 1448 patres
690 1365 848 1448 integrum
871 1364 904 1428 id
926 1365 1089 1449 negotium
1110 1364 1153 1429 ad

111 1468 287 1554 principem
310 1466 504 1533 distulerant.
541 1467 597 1532 sed
620 1468 766 1533 Tiberius
788 1487 886 1552 saepe
899 1467 986 1552 apud
1001 1488 1035 1533 se
1051 1468 1153 1553 pensi-

109 1580 186 1655 tato,
218 1593 260 1637 an
283 1572 418 1637 coerceri
441 1578 506 1636 tam
533 1571 682 1656 profusae
712 1570 877 1656 cupidines
907 1578 1046 1656 possent,
1077 1593 1153 1638 num

110 1677 257 1742 cob‘rcitio
286 1676 357 1761 plus
384 1674 494 1739 damni
520 1675 554 1738 in
581 1695 648 1740 rem
671 1675 832 1759 publicam
854 1675 959 1756 ferret,
990 1695 1086 1758 quam
1108 1677 1153 1741 in-

112 1780 260 1846 decorum
294 1778 471 1845 adtrectare
506 1778 589 1861 quod
625 1799 688 1843 non
722 1779 879 1844 obtineret
911 1779 964 1844 vel
996 1785 1153 1845 retentum

111 1884 319 1968 ignominiam
356 1888 387 1946 et
415 1882 581 1946 infamiam
614 1883 754 1948 virorum
787 1883 965 1948 inlustrium
998 1890 1152 1968 posceret,

111 1993 270 2072 postremo
285 1987 407 2051 litteras
421 1985 463 2050 ad
479 1992 624 2051 senatum
640 1987 824 2070 composuit,
842 2007 975 2069 quarum
995 1988 1153 2053 sententia

112 2090 146 2155 in
168 2090 254 2155 hunc
276 2089 404 2156 modum
428 2089 504 2154 fuit:

201 2193 253 2258 53.
288 2186 422 2259 ‘Ceteris
456 2192 589 2257 forsitan
623 2194 656 2257 in
690 2194 795 2274 rebus,
833 2199 939 2278 patres
974 2195 1152 2280 conscripti,
1193 2186 1307 2310 {25¹5

113 2298 216 2380 magis
246 2295 397 2381 expediat
427 2317 478 2361 me
505 2316 611 2361 coram
638 2297 827 2381 interrogari
854 2304 886 2363 et
908 2297 1013 2363 dicere
1037 2298 1154 2380 quide
1190 2326 1311 2371 meaa

112 2420 148 2464 re
182 2400 309 2484 publica
343 2420 504 2465 censeam:
538 2401 572 2463 in
600 2399 662 2465 hac
691 2401 845 2466 relatione
875 2401 1017 2467 subtrahi
1048 2394 1315 2510 00110οξ1111Ἰῖι

114 2523 201 2568 meos
231 2503 345 2569 melius
372 2503 442 2585 fuit,
472 2524 514 2568 ne
537 2503 761 2569 denotantibus
784 2504 876 2570 vobis
898 2525 953 2569 010
974 2525 1014 2570 00
1036 2511 1155 2570 metum
1201 2465 1320 2518 ‘mmm'

114 2607 322 2692 singulorum,
353 2607 408 2690 qui
430 2606 572 2692 pudendi
595 2609 690 2673 luxus
711 2614 928 2692 arguerentur,
959 2608 1028 2691 ipse
1059 2609 1155 2673 etiam

114 2710 257 2776 viderem
280 2731 335 2776 eos
357 2731 396 2776 ac
417 2712 505 2776 velut
527 2711 766 2795 deprenderem.
798 2711 883 2794 quod
898 2712 925 2777 si
940 2731 1065 2776 mecum
1079 2718 1155 2779 ante
1190 2789 1198 2796 ,

115 2815 175 2879 viri
209 2815 338 2897 strenui,
376 2815 506 2897 aediles,
543 2816 708 2882 consilium
741 2815 937 2897 habuissent,
971 2816 1078 2881 nescio
1111 2836 1154 2880 an

11 2978 13 2981 ,
113 2938 264 2983 suasurus
297 2918 411 2984 fuerim
445 2919 590 2985 omittere
623 2921 728 3005 potius
761 2918 946 3005 praevalida
979 2925 1011 2985 et
1043 2917 1154 2985 adulta

114 3022 194 3087 vitia
216 3042 311 3104 quam
334 3021 394 3087 hoc
415 3022 558 3105 adsequi,
590 3030 625 3087 ut
648 3023 753 3107 palam
775 3022 865 3088 fieret
887 3023 1002 3106 quibus
1024 3021 1154 3107 flagitiis

115 3126 254 3210 impares
277 3145 426 3190 essemus.
459 3125 516 3191 sed
539 3126 584 3190 illi
608 3125 737 3209 quidem
760 3126 865 3192 officio
889 3126 990 3191 functi
1013 3132 1095 3207 sunt,
1119 3132 1154 3190 ut

114 3236 237 3296 ceteros
271 3248 396 3311 quoque
425 3228 629 3312 magistratus
658 3250 716 3296 sua
746 3230 854 3294 munia
881 3231 1013 3315 implere
1042 3230 1152 3295 velim:

115 3333 192 3397 mihi
222 3339 329 3399 autem
358 3352 463 3414 neque
491 3332 660 3398 honestum
687 3334 779 3398 silere
805 3353 908 3416 neque
935 3333 1079 3417 proloqui
1101 3352 1154 3397 ex-

115 3435 267 3521 peditum,
302 3436 377 3519 quia
408 3456 472 3500 non
505 3434 618 3502 aedilis
649 3443 705 3501 aut
738 3436 892 3521 praetoris
924 3441 980 3501 aut
1017 3435 1154 3500 consulis

115 3540 214 3623 partis
245 3539 394 3605 sustineo.
434 3539 536 3604 maius
562 3539 683 3622 aliquid
713 3546 745 3604 et
775 3538 932 3604 excelsius
961 3560 982 3603 a
1011 3538 1154 3623 principe

115 3644 305 3727 postulatur;
337 3649 369 3708 et
396 3663 467 3707 cum
494 3649 580 3708 recte
602 3643 756 3708 factorum
779 3642 841 3708 sibi
864 3642 996 3724 quisque
1018 3642 1154 3725 gratiam

116 3746 253 3828 trahant,
277 3746 371 3812 unius
392 3745 514 3811 invidia
536 3747 578 3811 ab
600 3747 746 3813 omnihus
769 3751 926 3831 peccatur.
971 3744 1047 3828 quid
1070 3744 1153 3810 enim

114 3850 252 3933 primum
263 3849 430 3934 prohibere
440 3857 471 3914 et
478 3849 615 3934 priscum
624 3849 666 3914 ad
678 3869 797 3916 morem
809 3847 950 3914 recidere
962 3847 1153 3932 adgrediar?
