2760 4214
462 179 486 215 a.
500 161 533 216 U.
546 177 568 215 1,
583 162 689 228 771172.
716 178 743 230 p.
757 160 820 215 Chr.
835 162 878 228 181
898 164 922 217 9.
1169 144 1211 208 73

167 335 253 420 regis
276 334 340 398 filio
362 355 417 400 eas
440 335 550 418 epulas
572 335 655 420 dari;
690 335 869 417 abiecitque
892 335 985 399 simul
1008 355 1156 400 coronam
1179 342 1211 400 et

167 439 268 503 multa
300 439 333 502 in
367 439 478 503 luxum
511 438 644 519 addidit,
681 459 763 521 quae
793 437 982 504 Germanico
1017 459 1210 521 quamquam

166 543 287 608 acerba
308 543 524 607 tolerabantur
545 549 662 607 tamen.

255 645 307 711 58,
331 647 419 710 Inter
442 665 524 727 quae
546 647 586 711 ab
611 665 687 730 rege
709 645 897 710 Parthorum
920 647 1081 712 Artabano
1107 646 1210 730 legati
1255 645 1358 690 &imi

166 752 295 816 venere.
334 750 462 815 miserat
495 750 668 814 amicitiam
697 770 736 813 11
765 748 877 815 foedus
908 757 1144 830 memoraturos,
1179 757 1211 814 et
1251 712 1362 836 mim

167 874 286 939 cupere
308 854 453 919 renovari
477 853 616 935 dextras,
651 852 861 936 daturumque
883 853 996 919 honori
1018 853 1208 935 Germanici,
1257 853 1357 905 “limi

166 963 204 1022 ut
218 959 320 1041 ripam
335 957 506 1042 Euphratis
521 957 701 1023 accederet:
725 963 834 1041 petere
849 958 985 1039 interim,
1002 979 1043 1023 ne
1059 959 1209 1043 Veneres

164 1061 201 1126 in
235 1063 328 1128 Suria
361 1060 531 1127 haberetur
565 1082 629 1127 neu
662 1081 809 1147 proceres
842 1063 985 1146 gentium
1022 1063 1209 1146 propinquis

165 1166 287 1231 nuntiis
308 1165 351 1230 ad
373 1164 548 1231 discordias
570 1164 718 1232 traheret.
742 1164 785 1230 ad
808 1185 847 1230 ea
870 1165 1077 1231 Germanicus
1100 1165 1141 1230 de
1163 1186 1209 1231 so-

166 1267 283 1335 cietate
297 1271 511 1334 Romanorum
526 1269 778 1351 Parthorumque
801 1270 980 1352 magnifice,
1005 1269 1045 1334 de
1067 1269 1209 1335 adventu

165 1373 251 1456 regis
281 1379 313 1437 et
342 1375 428 1438 cultu
458 1373 508 1438 sui
537 1394 609 1438 cum
640 1373 753 1438 decore
782 1394 821 1438 ae
848 1373 1004 1438 modestia
1034 1373 1206 1457 respondit.

165 1476 316 1542 Vonones
332 1477 591 1561 Pompeiopolim,
616 1478 746 1543 Ciliciae
768 1477 959 1542 maritimam
981 1478 1101 1559 urbem,
1125 1499 1208 1544 amo·

164 1585 288 1646 111111.
321 1579 431 1645 datum
453 1580 487 1645 id
509 1601 575 1645 non
598 1580 691 1646 modo
714 1582 862 1664 precibus
877 1581 1041 1662 Artabani,
1066 1580 1209 1646 11111111-

165 1684 315 1749 tumeliae
337 1685 472 1766 Pisonis,
496 1686 546 1749 111
569 1685 767 1768 gratissimus
791 1692 858 1749 1111
880 1686 920 1750 oh
945 1686 1079 1769 plurima
1102 1685 1208 1750 officia

165 1794 198 1853 et
215 1787 314 1873 adona,
337 1789 453 1872 quihus
475 1789 661 1854 Plancinam
685 1788 883 1854 devinxerat.

252 1996 304 2061 59.
336 1997 377 2060 Μ.
402 1997 511 2062 Silano
541 1997 577 2061 L.
604 1996 754 2062 Norbano
789 1997 971 2061 consulibus
998 1996 1208 2062 Germanicus
1232 1990 1377 2112 Pssfffii

169 2100 353 2185 Aegyptum
382 2100 590 2184 proficiscitur
621 2099 863 2184 cognoscendae
897 2101 1104 2183 antiquitatis.
1151 2100 1226 2167 sed·
1247 2117 1355 2185 1111111,

168 2223 243 2267 cura
269 2204 452 2288 provinciae
482 2203 760 2289 praetendebatur,
792 2205 974 2287 levavitque
1000 2205 1118 2288 apertis
1141 2205 1208 2270 hor·

167 2305 231 2371 reis
252 2307 356 2392 pretia
377 2308 504 2391 frugum
528 2308 690 2390 multaque
713 2309 746 2372 in
769 2308 884 2392 vulgus
910 2316 1003 2393 grata
1029 2309 1207 2394 usurpavit:

168 2409 238 2474 sine
260 2411 360 2476 milite
382 2410 541 2492 incedere,
564 2411 700 2495 pedihus
722 2412 849 2476 intectis
872 2419 904 2477 11
926 2414 995 2496 pari
1019 2433 1090 2477 curn
1114 2412 1208 2477 Grae·

167 2513 214 2579 cis
235 2515 364 2597 amictu,
387 2516 421 2579 P.
440 2516 597 2599 Scipionis
619 2515 842 2597 aemulatione,
866 2536 960 2598 quem
985 2516 1097 2580 eadem
1120 2516 1208 2581 facti-

166 2617 285 2683 tavisse
300 2618 387 2701 apud
401 2618 553 2700 Siciliam,
578 2619 723 2701 quamvis
738 2619 894 2703 flagrante
909 2619 1014 2683 adhuc
1029 2621 1207 2685 Poenorum

165 2721 257 2803 bello,
289 2723 478 2807 accepimus.
518 2723 663 2789 Tiberius
687 2724 772 2788 cultu
796 2722 969 2805 habituque
991 2723 1060 2788 eius
1081 2724 1207 2789 lenibus

165 2825 271 2890 verbis
286 2827 461 2909 perstricto,
485 2828 638 2891 acerrime
652 2827 818 2911 increpuit,
834 2825 925 2910 {quod
940 2833 1050 2891 contra
1064 2827 1207 2892 instituta

166 2927 301 3012 Augusti
317 2950 380 2994 non
397 2937 510 3013 sponte
526 2930 679 3014 principis
694 2929 922 2995 Alexandriam
939 2930 1108 2996 introisset.
1132 2951 1207 2995 nam

165 3031 328 3116 Augustus
350 3033 433 3098 inter
455 3033 518 3097 alia
540 3033 764 3100 dominationis
785 3055 912 3115 areana,
936 3035 1043 3100 vetitis
1063 3035 1124 3100 nisi
1140 3055 1207 3118 per-

165 3136 264 3200 missu
279 3136 403 3220 ingredi
419 3138 623 3203 senatoribus
645 3145 700 3203 aut
724 3139 883 3221 equitibus
898 3139 1050 3204 Romanis
1072 3139 1206 3203 inlustri·

166 3239 235 3321 bus,
252 3241 393 3324 seposuit
405 3241 598 3325 Aegyptum,
615 3262 656 3307 ne
671 3242 756 3306 fame
771 3247 898 3326 urgeret
909 3242 1045 3323 Italiam,
1063 3241 1207 3324 quisquis

167 3361 237 3407 eam
271 3345 467 3428 provinciam
500 3346 699 3427 claustraque
732 3352 835 3411 terrac
864 3366 903 3410 ao
933 3346 1029 3411 maris
1061 3346 1206 3427 quamvis

165 3447 230 3511 levi
251 3447 409 3532 praesidio
432 3448 601 3514 adversum
624 3449 771 3533 ingentes
795 3449 953 3514 exercitus
976 3448 1153 3515 insedisset.

253 3552 304 3616 60.
329 3551 393 3617 Sed
409 3553 617 3618 Germanicus
632 3551 771 3617 nondum
796 3559 956 3637 comperto
978 3552 1206 3638 profectionem
1246 3543 1350 3666 (m,

166 3673 237 3718 eam
260 3655 397 3721 incusari
412 3656 485 3721 Nilo
509 3656 756 3740 subvehebatur,
779 3677 868 3722 orsus
890 3655 1007 3741 oppido
1030 3657 1204 3740 aOanopo.
1252 3643 1359 3735 satuens

166 3757 337 3824 condidere
360 3759 393 3824 id
416 3760 565 3844 Spartani
588 3762 628 3825 oh
657 3761 814 3844 sepultum
841 3760 906 3824 illic
931 3766 1085 3825 rectorem
1113 3760 1206 3826 navis

166 3862 341 3947 Canopum,
373 3884 436 3946 qua
465 3870 653 3950 tempestate
676 3864 840 3930 Menelaus
862 3863 1038 3931 Graeciam
1057 3871 1217 3948 repetens
