2760 4214
194 163 256 226 178
427 179 477 234 Ab
495 195 612 235 excessu
628 180 661 234 D.
674 180 804 250 Augusti
819 180 861 236 Vl
881 183 991 259 18-22.

191 355 288 420 sorori
312 355 378 418 eius
401 353 536 420 Sanciae
551 374 634 436 aqua
649 360 744 437 atque
759 354 826 438 igni
841 354 1045 420 interdictum
1059 361 1233 420 accusante

191 457 229 535 Q.
253 458 436 542 Pomponio.
474 459 502 522 is
525 458 664 523 moribus
686 459 811 540 inquies
832 457 914 523 haec
937 464 968 524 et
990 458 1122 523 huiusce
1145 459 1233 525 modi

190 583 211 626 a
242 582 277 628 se
306 561 445 626 factitari
475 560 714 645 praetendebat,
753 567 787 626 ut
817 568 908 645 parta
938 560 1023 645 apud
1053 562 1232 646 principem

189 667 294 751 gratia
307 666 455 749 periculis
470 665 636 749 Pomponii
653 664 791 731 Secundi
807 665 913 729 fratris
928 665 1115 730 mederetur.
1134 666 1231 731 etiam

189 770 224 835 in
239 770 423 854 Pompeiam
438 769 612 834 Macrinam
636 770 766 834 exilium
789 770 947 851 statuitur,
972 771 1060 835 cuius
1082 771 1231 834 maritum

189 873 381 958 Argolicum,
394 893 537 939 socerum
549 875 708 940 Laconem
721 894 739 939 e
750 874 940 958 primoribus
948 872 1148 938 Achaeorum
1156 873 1231 939 an-

189 997 242 1042 sar
263 976 441 1041 adflixerat.
472 983 564 1061 pater
587 998 712 1060 quoque
734 977 875 1042 inlustris
895 996 993 1060 eques
1008 978 1171 1043 Romanus
1193 996 1232 1041 ac

188 1080 287 1144 frater
309 1081 493 1165 praetorius,
529 1102 600 1145 cum
631 1080 792 1145 damnatio
819 1081 960 1161 instaret,
990 1101 1025 1145 se
1050 1080 1112 1164 ipsi
1138 1080 1231 1145 inter-

189 1184 302 1250 fecere.
327 1184 435 1249 datum
448 1190 516 1251 erat
527 1185 661 1267 crimini,
678 1185 762 1267 quod
774 1184 991 1269 Theophanen
1003 1183 1231 1268 Mytilenaeum

188 1309 342 1373 proavum
373 1308 481 1354 eorum
512 1289 568 1355 Cu.
604 1291 739 1374 Magnus
777 1289 859 1354 inter
896 1290 1024 1354 intimos
1056 1287 1231 1369 habuisset,

189 1392 335 1475 quodque
365 1391 514 1458 defuncto
544 1392 731 1477 Theophani
760 1395 914 1458 caelestes
942 1392 1079 1458 honores
1109 1392 1233 1457 Graeca

187 1496 328 1563 adulatio
356 1498 518 1563 tribuerat.

22 1599 163 1714 &tm
279 1601 328 1666 19.
352 1602 428 1667 Post
455 1621 534 1684 quos
557 1602 632 1667 Sex.
657 1601 775 1666 Marius
798 1601 1025 1686 Hispaniarum
1056 1600 1233 1666 ditissimus

38 1739 82 1783 ,ms
97 1741 150 1784 uuor
189 1705 331 1771 defertur
352 1706 526 1795 incestasse
548 1705 647 1770 fiham
671 1712 702 1770 et
724 1726 803 1770 saxo
818 1706 953 1790 Tarpeio
970 1705 1113 1770 deicitur.
1137 1726 1176 1770 ac
1191 1725 1233 1770 ne

17 1807 172 1861 “nubum
189 1808 320 1874 dubium
343 1809 514 1875 haberetur
535 1808 789 1894 magnitudinem
812 1810 966 1894 pecuniae
989 1810 1071 1874 malo
1087 1808 1232 1890 vertisse,

45 1878 142 1992 {iffi
188 1913 330 1978 aurariae
353 1914 555 1995 aerariasque
579 1912 656 1994 eius,
681 1933 873 1995 quamquam
888 1913 1135 1997 publicarentur,
1160 1913 1233 1979 sibi·

189 2023 254 2081 met
283 2018 430 2082 Tiberius
460 2018 610 2102 seposuit.
656 2017 867 2100 inritatusque
895 2018 1059 2102 suppliciis
1090 2024 1232 2100 cunctos,

189 2120 243 2202 qui
266 2141 392 2186 carcere
415 2122 632 2187 attinebantur
661 2122 802 2186 accusati
825 2121 985 2191 societatis
1008 2143 1079 2186 oum
1103 2122 1232 2204 Seiano,

188 2225 295 2289 necari
318 2226 414 2290 iubet.
438 2226 537 2290 iacuit
559 2226 705 2290 inmensa
720 2232 853 2309 strages,
878 2226 981 2291 omnis
997 2246 1104 2307 sexus,
1128 2228 1233 2293 omnis

194 2337 293 2411 aetas,
323 2330 472 2395 inlustres
498 2329 663 2414 ignobiles,
695 2328 829 2413 dispersi
852 2335 907 2394 aut
928 2330 1082 2414 aggerati.
1128 2350 1233 2413 neque

191 2433 377 2517 propinquis
406 2439 462 2498 aut
492 2433 602 2498 amicis
629 2431 793 2514 adsistere,
824 2432 1033 2518 inlacrimare,
1062 2454 1104 2499 ne
1126 2434 1232 2500 visere

190 2537 317 2619 quidem
347 2536 466 2602 diutius
497 2536 642 2618 dabatur,
673 2536 730 2601 sed
755 2537 948 2602 circumiecti
972 2537 1118 2603 custodes
1142 2544 1173 2603 et
1196 2538 1231 2604 in

187 2661 362 2706 maerorem
390 2639 542 2722 cuiusque
572 2641 687 2705 intenti
719 2661 851 2725 corpora
880 2641 1060 2724 putrefacta
1088 2641 1231 2707 adsecta-

188 2745 313 2825 bantur,
347 2743 423 2808 dum
453 2744 487 2808 in
508 2743 649 2809 Tiberim
679 2745 887 2826 traherentur,
918 2745 974 2810 ubi
996 2745 1154 2811 fluitantia
1175 2753 1232 2812 aut

188 2848 264 2931 ripis
297 2846 432 2930 adpulsa
462 2867 525 2911 non
557 2868 697 2913 cremare
728 2849 905 2931 quisquam,
940 2869 1004 2914 non
1035 2850 1229 2934 contingere.

187 2949 392 3015 interciderat
415 2951 506 3016 sortis
528 2950 688 3016 humanae
711 2953 933 3017 commercium
949 2953 981 3017 vi
997 2959 1109 3033 metus,
1134 2973 1230 3036 quan·

187 3060 318 3135 tumque
340 3055 475 3118 saevitia
496 3054 654 3138 glisceret,
680 3057 840 3122 miseratio
864 3057 1041 3122 arcebatur.

14 3154 170 3275 illnlfffmffglssr
274 3157 326 3222 20.
351 3158 415 3224 Sub
438 3157 523 3222 idem
543 3165 669 3243 tempus
692 3159 791 3225 Gaius
814 3161 941 3240 ansar,
973 3159 1151 3224 discedenti
1173 3161 1228 3227 Oa·

15 3293 169 3339 „12q1,„,1,‚
187 3282 281 3346 preas
295 3282 357 3327 avo
373 3282 488 3343 eomes,
513 3261 688 3343 Claudiam,
712 3264 753 3328 M.
771 3263 870 3329 Silani
885 3263 994 3345 filiam,
1017 3263 1164 3348 coniugio
1181 3284 1229 3329 ac·

62 3379 118 3424 acu
188 3366 280 3450 cepit,
312 3365 482 3429 immanem
512 3366 654 3429 animum
677 3366 811 3431 subdola
834 3366 990 3432 modestia
1012 3374 1135 3450 tegens,
1165 3387 1229 3432 uon

30 3448 151 3500 marnoa.
186 3468 390 3533 damnatione
406 3468 524 3550 matris,
542 3488 604 3532 non
623 3469 720 3534 exitio
735 3469 868 3535 fratrum
882 3477 977 3554 rupta
991 3489 1085 3555 voce;
1102 3472 1229 3552 qualem

187 3573 271 3637 diem
308 3572 454 3637 Tiberius
491 3571 655 3653 induisset,
701 3573 770 3656 pari
807 3573 928 3655 habitu,
971 3573 1058 3639 haud
1095 3574 1229 3639 multum

186 3675 378 3741 distantibus
397 3676 512 3742 verbis.
537 3675 622 3741 unde
638 3697 712 3740 mox
729 3677 842 3742 scitum
857 3677 1002 3743 Passieni
1018 3678 1150 3743 oratoris
1167 3677 1230 3744 dic·

181 3787 249 3846 tum
271 3781 471 3866 percrebruit
492 3801 597 3864 neque
620 3781 783 3847 meliorem
806 3801 956 3864 umquam
980 3801 1107 3847 servum
1122 3802 1229 3866 neque

168 3883 371 3956 deteriorem
396 3886 568 3957 dominum
587 3885 701 3954 luisse.
