2760 4214
463 223 487 261 a.
504 207 534 262 u.
548 221 571 260 e.
585 207 690 273 crofeo.
717 222 743 274 p.
757 205 820 259 cnr.
833 207 921 274 resur.
1145 189 1204 254 157

168 387 264 462 atque
287 380 396 464 operit.
436 387 467 444 et
490 380 535 444 illi
559 379 698 462 quidem,
722 399 800 461 quos
822 379 1013 463 principium
1036 381 1151 464 stragis
1173 381 1207 444 in

168 489 301 549 mortem
335 482 515 567 adflixerat,
553 489 588 548 ut
621 483 677 548 tali
712 490 804 565 sorte,
844 484 1016 548 cruciatum
1051 485 1205 568 effugere:

168 585 341 652 miserandi
372 587 474 670 magis
505 607 583 669 quos
613 588 748 670 abrupta
778 594 867 670 parte
898 588 1036 671 corporis
1065 586 1207 653 nondum

168 693 235 756 vita
250 691 445 777 deseruerat;
472 692 525 774 qui
547 712 604 776 per
620 691 704 755 diem
720 692 800 772 visu,
824 712 881 775 per
896 698 1020 757 noctem
1036 693 1208 757 ululatibus

169 802 201 860 et
229 797 350 879 gemitu
381 796 532 879 coniuges
562 802 617 860 aut
646 795 763 860 liberos
793 798 977 862 noscebant.
1023 797 1087 860 iam
1111 796 1207 861 ceteri

168 899 255 964 fama
278 899 384 981 exciti,
409 899 460 965 hic
483 898 623 981 fratrem,
646 900 857 984 propinquum
876 900 939 981 ille,
962 900 1043 965 alius
1058 906 1207 984 parentes

168 1004 343 1068 lamentari.
391 1005 486 1068 etiam
518 1024 650 1085 quorum
679 1003 806 1068 diversa
836 1003 876 1068 de
907 1024 1003 1069 causa
1030 1004 1124 1068 amici
1152 1012 1207 1068 aut

168 1108 339 1172 necessarii
361 1107 504 1188 aberant,
535 1126 653 1190 pavere
681 1113 802 1191 tamen,
835 1107 1014 1189 nequedum
1038 1115 1207 1191 comperto,

168 1232 247 1294 quos
270 1212 324 1275 illa
347 1212 396 1276 vis
418 1211 616 1296 perculisset,
639 1211 733 1276 latior
755 1231 797 1274 ex
820 1211 940 1276 incerto
964 1218 1075 1276 metus

256 1315 306 1379 63.
330 1316 374 1381 Ut
397 1335 529 1399 coepere
545 1314 697 1379 dimoveri
713 1315 834 1395 obruta,
859 1335 1028 1380 concursus
1043 1315 1085 1379 ad
1101 1315 1208 1380 exani·
1253 1310 1330 1426 ‘3³3¹

168 1441 236 1486 mos
252 1421 540 1504 complectentium,
565 1420 788 1504 osculantium;
812 1425 844 1483 et
867 1440 963 1503 saepe
986 1427 1155 1500 certamen,
1180 1420 1206 1485 si
1238 1391 1367 1503 auduald.

169 1523 328 1590 confusior
349 1523 458 1605 facies,
483 1523 540 1588 sed
562 1545 621 1608 par
643 1523 745 1588 forma
764 1531 819 1587 aut
834 1531 923 1589 aetas
939 1544 1074 1589 errorem
1090 1524 1206 1609 adgno·
1273 1538 1328 1583 aar·

169 1628 330 1693 scentibus
352 1627 480 1693 fecerat.
520 1628 753 1711 quinquaginta
776 1626 937 1692 hominum
960 1629 1047 1692 milia
1070 1648 1107 1692 eo
1131 1649 1206 1694 casu
1242 1607 1361 1728 Μ’ῗξίξω

168 1731 333 1797 debilitata
355 1733 407 1797 vel
429 1732 545 1798 obtrita
568 1738 655 1817 sunt,
681 1738 870 1814 cantumque
892 1733 925 1796 in
941 1738 1101 1816 posterum
1117 1753 1205 1798 sena·
1231 1745 1374 1798 astruunt.

167 1842 218 1901 tus
241 1836 393 1917 consulto,
424 1856 465 1900 ne
499 1836 570 1918 quis
603 1836 827 1920 gladiatorium
857 1857 972 1902 munus
1002 1836 1120 1917 ederet,
1156 1837 1206 1902 eui

167 1939 269 2004 minor
291 1939 594 2023 quadringentorum
617 1940 738 2004 milium
754 1959 815 2021 res,
838 1961 921 2006 neve
936 1939 1204 2024 amphitheatrum

168 2044 383 2128 imponeretur
415 2044 477 2109 nisi
510 2044 576 2109 solo
613 2044 771 2109 firmitatis
809 2050 978 2128 spectatae.
1024 2045 1140 2110 Atilius
1173 2046 1207 2109 in

168 2149 298 2212 exilium
321 2154 411 2213 actus
434 2154 492 2213 est.
517 2154 656 2213 ceterum
679 2150 738 2214 sub
761 2155 922 2213 recentem
938 2148 1060 2214 cladem
1077 2155 1207 2233 patuere

167 2272 332 2336 procerum
366 2251 488 2334 domus,
523 2251 666 2317 fomenta
700 2258 732 2316 et
764 2251 880 2317 medici
910 2253 1029 2336 passim
1059 2253 1206 2336 praebiti,

167 2355 289 2437 fuitque
320 2359 395 2422 urbs
425 2377 482 2441 per
504 2356 575 2421 illos
598 2355 667 2421 dies
690 2376 882 2438 quamquam
906 2363 1028 2421 maesta
1050 2356 1132 2422 facie
1157 2377 1207 2422 ve-

167 2465 269 2525 terum
295 2460 448 2526 institutis
478 2460 599 2540 similis,
630 2460 684 2541 qui
706 2480 825 2543 magna
847 2467 919 2543 post
942 2460 1061 2544 proelia
1083 2461 1207 2525 saucios

166 2565 333 2648 largitione
356 2570 388 2630 et
411 2584 487 2628 cura
506 2565 737 2629 sustentabant.

255 2668 305 2733 64.
329 2667 480 2733 Nondum
508 2688 547 2732 ea
574 2666 681 2732 clades
705 2667 897 2747 exoleverat,
928 2687 999 2731 cum
1029 2666 1113 2750 ignis
1144 2667 1205 2732 vio·
1229 2660 1380 2782 senextus

165 2772 266 2837 lentia
287 2774 398 2837 urbem
422 2772 504 2836 ultra
526 2772 651 2836 solitum
674 2771 803 2852 adfecit,
827 2770 939 2836 deusto
961 2777 1068 2835 monte
1084 2771 1204 2857 Caeli03
1230 2741 1373 2849 suasanus,

165 2875 359 2958 feralemque
381 2896 502 2939 annum
524 2874 671 2940 serebant
694 2880 726 2940 et
748 2874 907 2940 ominibus
922 2874 1066 2939 adversis
1082 2895 1206 2960 suscep-

166 2986 234 3043 tum
256 2979 392 3063 principi
415 2979 580 3043 consilium
596 2979 771 3059 absentiae,
796 2979 849 3061 qui
865 2998 933 3043 mos
949 2979 1054 3062 vulgo,
1078 2978 1207 3045 fortuita

165 3082 208 3147 ad
236 3083 360 3167 culpam
387 3083 560 3164 trabentes,
592 3083 625 3147 ni
649 3084 767 3149 Caesar
789 3083 917 3148 obviam
940 3084 1017 3148 isset
1039 3083 1206 3148 tribuendo

165 3187 318 3270 pecunias
341 3208 383 3252 ex
407 3186 500 3253 modo
524 3186 715 3252 detrimenti.
762 3193 916 3268 actaeque
940 3187 970 3251 ei
992 3193 1099 3270 grates
1121 3186 1206 3270 apud

165 3297 311 3356 senatum
341 3292 383 3356 ab
416 3291 604 3356 inlustribus
637 3290 787 3373 famaque
817 3292 903 3376 apud
936 3292 1097 3376 populum,
1133 3291 1207 3373 quia

164 3396 233 3460 sine
255 3396 429 3461 ambitione
451 3402 505 3460 aut
528 3395 745 3480 proximorum
774 3397 922 3481 precibus
953 3396 1080 3480 ignotos
1110 3396 1205 3460 etiam

165 3506 197 3567 ct
211 3501 291 3565 ultro
306 3501 425 3565 accitos
441 3499 661 3564 munificentia
675 3501 808 3566 iuverat.
836 3500 996 3565 adduntur
1016 3499 1204 3579 sententiae,

164 3611 200 3668 ut
232 3623 323 3668 mons
357 3604 483 3669 Caelius
516 3603 550 3667 in
588 3609 749 3687 posterum
782 3604 945 3687 Augustus
981 3603 1204 3686 appellaretur,

165 3708 291 3791 quando
314 3708 436 3773 eunctis
460 3707 577 3773 circum
600 3707 809 3792 flagrantibus
832 3708 899 3773 sola
920 3707 1040 3771 Tiberii
1070 3706 1204 3791 effigies,

165 3813 226 3878 sita
241 3813 273 3878 in
289 3812 383 3878 domo
398 3811 482 3876 Iunii
498 3811 662 3892 senatoris,
685 3810 839 3875 inviolata
853 3809 1030 3875 mansisset.
1060 3810 1205 3877 evenisse

163 3917 197 3981 id
220 3917 294 3982 olim
318 3915 470 3982 Claudiae
494 3914 643 4000 Quintae,
674 3915 809 4002 eiusque
831 3921 980 3983 statuam
999 3913 1076 3978 uim
1092 3911 1235 3991 “ignium
