2760 4214
82 2405 170 2449 &tactos

52 2476 197 2528 serantina.

217 149 278 213 126
467 164 516 219 Ab
536 180 652 220 excessu
671 164 704 218 D.
717 164 844 233 Augusti
863 165 904 220 IV
922 168 998 221 5-8.

215 339 384 422 Gallosque
407 339 593 420 subsidium,
617 347 687 405 octo
710 340 852 424 legiones
875 346 973 404 erant.
1012 339 1187 423 Hispaniae
1210 359 1256 404 re-

216 462 291 507 cens
320 443 516 527 perdomitae
546 443 646 508 tribus
677 443 885 510 habebantur.
931 445 1057 509 Mauros
1088 444 1169 508 Iuba
1198 463 1256 508 rex

215 554 382 631 acceperat
404 547 521 613 donum
537 548 645 634 populi
660 549 804 613 Romani.
837 555 942 613 cetera
957 547 1086 612 Africae
1105 567 1162 631 per
1177 546 1257 612 duas

215 651 357 734 legiones
373 652 506 735 parique
522 671 651 716 numero
666 653 845 736 Aegyptus,
862 650 978 715 dehinc
990 651 1079 715 initio
1091 651 1131 715 ab
1145 651 1257 716 Suriae

215 755 381 837 usquead
404 755 522 820 flumen
544 755 739 839 Euphraten,
776 763 928 838 quantum
956 755 1080 838 ingenti
1102 761 1257 819 terrarum

217 859 289 923 sinu
308 859 455 938 ambitur,
480 865 626 940 quattuor
641 859 821 943 legionibus
837 859 983 939 eo‘e‘rcita,
1007 859 1123 924 accolis
1138 859 1258 923 Hibero

215 961 405 1043 Albanoque
427 968 459 1025 et
481 963 551 1027 aliis
574 963 714 1045 regibus,
739 964 792 1046 qui
816 962 1036 1047 magnitudine
1059 969 1167 1027 nostra
1189 982 1259 1046 pro·

217 1071 367 1149 teguntur
388 1065 560 1132 adversum
583 1073 717 1132 externa
739 1068 882 1151 imperia.
907 1073 939 1131 et
953 1066 1141 1131 Thraeciam
1157 1065 1258 1132 Rhoe-

217 1171 368 1234 metalces
401 1191 440 1234 ao
472 1170 562 1235 liberi
593 1171 713 1254 Cotyis,
748 1172 913 1254 ripamque
936 1171 1075 1235 Danuvii
1097 1171 1259 1253 legionum

218 1270 300 1337 duae
329 1274 361 1337 in
386 1275 561 1356 Pannonia,
594 1274 676 1339 duae
698 1276 732 1338 in
755 1276 876 1340 Moesia
906 1275 1095 1355 attinebant,
1126 1273 1259 1338 totidem

217 1376 303 1460 apud
332 1378 523 1442 Delmatiam
553 1380 674 1460 locatis,
706 1399 787 1461 quae
817 1379 921 1463 positu
952 1379 1090 1462 regionis
1120 1398 1140 1442 a
1169 1384 1259 1462 tergo

217 1480 289 1562 illis,
320 1502 358 1546 ac
389 1482 415 1546 si
445 1483 645 1566 repentinum
676 1484 828 1547 auxilium
859 1483 953 1547 Italia
982 1487 1136 1566 posceret,
1171 1480 1259 1544 haud

218 1586 327 1668 procul
356 1586 543 1667 accirentur,
575 1607 767 1669 quamquam
797 1586 950 1651 insideret
976 1587 1086 1651 urbem
1114 1585 1260 1669 proprius

219 1689 319 1770 miles,
348 1696 412 1754 tres
435 1690 585 1770 urbanae,
610 1711 725 1755 novem
748 1691 925 1774 praetoriae
949 1689 1102 1770 cohortes,
1133 1688 1260 1752 Etruria

219 1791 318 1856 ferme
341 1793 536 1875 Umbriaque
568 1793 711 1858 delectae
742 1800 797 1858 aut
827 1800 936 1859 vetere
959 1794 1051 1857 Latio
1075 1799 1107 1857 et
1130 1791 1261 1856 coloniis

219 1897 394 1978 antiquitus
409 1898 571 1963 Romanis.
602 1905 636 1962 at
658 1898 745 1982 apud
767 1898 884 1962 idonea
905 1897 1139 1981 provinciarum
1156 1896 1261 1961 sociae

220 1999 363 2065 triremes
386 2001 519 2082 alaeque
543 2007 574 2065 et
594 2002 715 2065 auxilia
731 2001 913 2082 cohortium,
937 2021 1041 2083 neque
1056 2001 1154 2064 multo
1169 2019 1262 2065 secus

220 2104 253 2167 in
276 2104 316 2167 iis
338 2105 467 2169 virium:
500 2105 557 2170 sed
587 2106 736 2190 persequi
766 2107 920 2170 incertum
943 2105 1012 2185 luit,
1044 2125 1115 2169 cum
1138 2124 1179 2168 en
1202 2124 1261 2168 usu

221 2209 371 2291 temporis
404 2207 466 2273 huc
495 2209 570 2273 illuc
599 2216 751 2290 mearent,
785 2210 956 2294 gliscerent
985 2229 1116 2273 numero
1146 2217 1178 2272 et
1208 2207 1262 2271 ali-

221 2309 348 2392 quando
371 2311 599 2376 minuerentur.

308 2414 336 2478 6.
361 2415 548 2499 Congruens
576 2414 763 2480 crediderim
785 2435 952 2480 recensere
983 2422 1104 2479 ceteras
1135 2433 1260 2496 quoque

219 2518 265 2583 rei
287 2518 434 2602 publicae
458 2526 574 2604 partes,
603 2519 718 2602 quibus
740 2518 842 2583 modis
864 2518 907 2582 ad
930 2539 1001 2583 eam
1025 2518 1108 2582 diem
1131 2517 1261 2582 habitae

220 2623 292 2704 sint,
317 2623 466 2705 quoniam
482 2623 609 2688 Tiberio
633 2625 745 2688 mutati
768 2624 801 2687 in
824 2622 963 2688 deterius
986 2622 1182 2706 principatus
1204 2621 1261 2684 ini·

219 2728 297 2791 tium
320 2727 374 2791 ille
397 2747 500 2792 annus
522 2728 637 2791 attulit.
683 2727 747 2791 iam
770 2727 905 2811 primum
928 2726 1055 2810 publica
1077 2725 1207 2808 negotia
1229 2731 1261 2790 et

220 2832 413 2915 privatorum
444 2831 584 2894 maxima
613 2830 699 2913 apud
726 2837 833 2914 patres
856 2831 1083 2910 tractabantur,
1114 2828 1262 2893 dabatur-

221 2953 283 3016 que
312 2933 502 3017 primoribus
532 2932 697 3014 disserere,
729 2941 760 2998 et
783 2934 816 2997 in
839 2933 1053 2997 adulationem
1084 2934 1191 3017 lapsos
1214 2951 1261 2996 co

221 3037 351 3102 hibebat
366 3036 449 3120 ipse3
474 3036 709 3119 mandabatque
725 3037 870 3118 honores,
886 3037 1080 3101 nobilitatem
1098 3037 1261 3116 maiorum,

222 3139 442 3205 claritudinem
465 3140 607 3221 militiae,
631 3140 780 3205 inlustres
803 3139 889 3204 domi
911 3147 996 3205 artes
1019 3138 1203 3224 spectando,
1226 3146 1262 3202 ut

222 3244 299 3310 satis
322 3249 481 3309 constaret
503 3265 567 3309 non
589 3244 668 3309 alios
691 3244 828 3328 potiores
852 3243 960 3308 fuisse.
990 3263 1047 3308 sua
1070 3243 1262 3322 consulibus,

222 3368 280 3413 sua
302 3348 500 3431 praetoribus
523 3348 658 3432 species3
691 3348 847 3411 minorum
871 3366 996 3429 quoque
1019 3347 1262 3430 magistratuum

222 3452 362 3516 exercita
392 3457 547 3534 potestas,
579 3451 739 3534 legesque,
772 3451 799 3515 si
829 3450 1004 3514 maiestatis
1032 3450 1175 3531 quaestio
1199 3449 1263 3513 exi-

221 3562 369 3635 meretur,
400 3555 482 3620 bono
512 3556 546 3619 in
576 3575 645 3620 usu.
688 3561 721 3618 at
753 3554 912 3645 frumenta
935 3560 967 3618 et
989 3554 1145 3638 pecuniae
1169 3553 1263 3617 vecti·

221 3660 319 3744 gales,
351 3665 457 3723 cetera
486 3658 683 3742 publicorum
713 3658 871 3723 fructuum
895 3659 1100 3723 societatibus
1123 3656 1263 3739 equitum

222 3764 435 3828 Romanorum
465 3763 676 3846 agitabantur.
715 3783 766 3828 res
794 3783 868 3828 suas
892 3764 1009 3829 Caesar
1033 3761 1264 3846 spectatissimo

78 3902 114 3952 ἱ
212 3867 340 3951 cuique,
366 3865 562 3953 quibusdam
583 3868 702 3954 ignotis
724 3887 767 3932 ex
787 3866 874 3931 tama
897 3865 1079 3947 mandabat,
1103 3865 1264 3946 semelque
