2760 4214
479 155 503 194 a.
517 140 549 195 U.
563 155 586 192 c.
599 141 658 194 773.
682 156 708 208 p.
723 139 785 193 Chr.
799 142 840 194 20.
1139 123 1179 186 97

139 312 252 377 infami
282 332 321 377 ac
348 313 476 377 nocenti
497 313 733 377 miserationem
756 311 931 377 addiderat.
970 311 1058 377 haud
1086 311 1181 378 facile

142 417 213 498 quis
235 415 410 500 dispexerit
432 416 487 480 illa
508 416 542 479 in
562 416 741 499 cognitione
756 423 894 480 mentem
909 416 1076 501 principis:
1101 415 1182 481 adeo

141 521 235 585 vertit
265 539 304 584 ac
333 520 459 584 miscuit
486 519 552 584 irae
579 525 611 584 et
634 519 822 584 clementiae
844 521 946 603 sigua.
993 518 1182 604 deprecatus

140 624 241 706 primo
265 629 420 704 senatum,
443 643 485 688 ne
507 623 684 688 maiestatis
707 623 840 687 crimina
861 629 1082 704 tractarentur,
1106 644 1182 689 mox

140 727 181 789 Μ.
207 726 376 792 Servilium
407 746 424 790 e
456 727 673 792 consularibus
702 727 844 808 aliosque
875 734 972 792 testes
1000 727 1114 792 inlexit
1140 726 1182 792 ad

141 829 332 914 proferenda
355 850 437 912 quae
459 830 546 896 velut
567 831 686 895 reicere
709 831 862 897 voluerat.
902 831 1050 913 idemque
1074 851 1183 897 servos

140 931 292 1017 Lepidae,
320 953 391 997 cum
414 933 542 997 militari
565 933 708 999 custodia
730 932 934 1015 haberentur,
958 935 1119 1000 transtulit
1140 933 1183 998 ad

142 1037 287 1104 consules
306 1055 411 1118 neque
431 1057 488 1120 per
506 1043 664 1102 tormenta
683 1038 869 1121 interrogari
884 1058 998 1122 passus
1014 1045 1062 1103 est
1078 1037 1118 1102 de
1133 1039 1182 1117 iis,

142 1160 223 1222 quae
245 1138 287 1204 ad
310 1139 439 1206 domum
461 1160 551 1205 suam
567 1141 769 1225 pertinerent.
799 1142 919 1207 exemit
934 1141 1029 1206 etiam
1043 1143 1183 1207 Drusum

142 1245 303 1309 consulem
315 1243 516 1328 designatum
533 1243 687 1309 dicendae
699 1244 799 1328 primo
812 1245 880 1310 loco
890 1245 1081 1329 sententiac3
1099 1244 1184 1327 quod

142 1347 196 1411 alii
230 1347 322 1412 civile
356 1349 516 1431 rebantur,
551 1369 592 1413 ue
627 1348 740 1413 ceteris
758 1347 976 1414 adsentiendi
1010 1350 1184 1414 necessitas

142 1450 241 1532 fieret,
265 1450 394 1533 quidam
417 1452 459 1516 ad
482 1451 649 1516 saevitiam
671 1451 853 1517 trahebant:
885 1472 989 1534 neque
1013 1453 1097 1518 enim
1121 1472 1184 1517 ees·

143 1575 249 1619 surum
274 1555 336 1620 uisi
358 1554 533 1619 damnandi
555 1554 671 1621 officio.

229 1657 594 1743 sempiternarum
618 1657 739 1740 diebus,
771 1659 824 1740 qui
848 1659 1062 1743 cognitionem
1091 1660 1184 1727 inter·
1219 1656 1274 1770 Ἓξ
1288 1657 1339 1702 ⁵⁸21*

143 1769 307 1842 venerant,
338 1761 496 1827 theatrum
524 1781 595 1826 cum
619 1762 711 1826 claris
733 1761 861 1827 feminis
883 1762 1038 1846 ingressa,
1067 1763 1183 1827 lamen·
1217 1727 1339 1778 unm

143 1865 263 1930 tatione
290 1864 388 1929 flebili
416 1865 552 1931 maiores
582 1884 656 1930 suos
685 1866 771 1930 ciens
793 1866 961 1948 ipsumque
985 1866 1182 1950 Pompeium,

144 1968 234 2032 cuius
263 1988 302 2031 ea
331 1969 526 2032 monimenta
555 1974 587 2033 et
616 1966 782 2034 adstantes
809 1968 967 2052 imagines
990 1970 1183 2051 visebantur,

143 2076 266 2134 tantum
281 2070 515 2137 misericordiae
530 2072 696 2154 permovit,
717 2078 752 2136 ut
767 2073 860 2137 effusi
875 2072 909 2136 iu
925 2073 1071 2138 lacrimas
1087 2093 1185 2138 saeva

145 2181 176 2237 et
199 2172 388 2239 detestanda
404 2173 547 2251 Quirinio
570 2176 780 2256 clamitarent,
805 2176 894 2241 cuius
917 2184 1075 2241 senectae
1088 2183 1184 2259 atque

143 2277 270 2341 orbitati
293 2283 325 2343 et
348 2278 590 2345 obscurissimae
611 2279 718 2345 domui
742 2278 900 2344 destinata
923 2280 1082 2362 quondam
1105 2301 1185 2346 uxor

143 2382 179 2444 L.
197 2381 326 2446 Caesari
348 2402 386 2447 ac
409 2381 482 2448 divo
505 2383 650 2466 Augusto
677 2403 775 2448 nurus
805 2382 982 2447 dederetur.
1021 2382 1096 2448 dein
1126 2390 1184 2449 tor-

144 2485 259 2550 mentis
282 2505 444 2551 servorum
466 2484 627 2570 patefacta
650 2492 723 2551 sunt
745 2485 867 2569 flagitia
890 2487 1032 2568 itumque
1059 2486 1093 2549 iu
1116 2506 1184 2552 seu·

143 2589 275 2652 tentiam
297 2589 424 2654 Rubelli
439 2589 563 2670 Blandi,
587 2610 607 2653 a
626 2609 688 2671 quo
707 2609 792 2670 aqua
810 2595 904 2671 atque
924 2589 992 2671 igni
1006 2589 1182 2655 arcebatur.

143 2690 217 2755 huic
238 2692 361 2757 Drusus
380 2691 531 2773 adsensit,
555 2712 748 2774 quamquam
769 2691 824 2756 alii
846 2691 953 2756 mitius
976 2694 1182 2758 censuissent.

144 2815 219 2859 mox
243 2795 370 2876 Scauro,
394 2796 448 2878 qui
470 2795 568 2859 filiam
589 2816 630 2860 ex
650 2816 689 2860 ea
707 2802 871 2879 genuerat,
895 2795 1013 2877 datum,
1037 2816 1078 2860 ne
1100 2797 1185 2862 bona

145 2898 387 2981 publicarentur.
411 2906 478 2964 tum
490 2898 618 2964 demum
629 2900 754 2983 aperuit
765 2899 910 2964 Tiberius
926 2907 1111 2984 conpertum
1123 2901 1183 2965 sibi

145 3002 239 3067 etiam
256 3023 297 3068 ex
312 3004 346 3067 P.
364 3001 500 3079 Quirinii
520 3003 620 3068 servis
639 3022 763 3068 veneno
779 3023 852 3069 eum
866 3024 886 3067 a
901 3003 1024 3088 Lepida
1038 3005 1182 3089 petitum.

231 3107 282 3171 24.
306 3107 490 3172 inlustrium
513 3106 662 3171 domuum
685 3105 821 3171 adversa
844 3107 975 3193 (etenim
998 3107 1085 3173 haud
1107 3109 1184 3172 mul·
1202 3101 1331 3218 adhud&

144 3217 209 3275 tum
226 3210 357 3276 distanti
371 3217 513 3294 tempore
529 3210 693 3295 Oalpumii
707 3211 866 3292 Pisonem,
886 3211 1014 3276 Aemilii
1028 3210 1183 3295 Lepidam
1216 3181 1226 3216 ε
1258 3177 1358 3286 „uam

144 3313 329 3394 amiserant)
354 3314 470 3379 solacio
492 3313 611 3379 adfecit
626 3315 666 3378 D.
684 3314 811 3380 Silanus
826 3313 939 3378 Iuniae
961 3313 1100 3378 familiae
1115 3312 1182 3378 red·
1218 3312 1265 3356 ⁶²¹³
1279 3312 1337 3366 511¹·

145 3417 237 3482 ditus,
263 3438 371 3482 casum
387 3418 454 3482 eius
477 3418 587 3502 paucis
603 3424 754 3502 repetam.
777 3423 812 3482 ut
828 3415 936 3481 valida
951 3415 1024 3481 divo
1039 3418 1182 3501 Augusto

144 3521 178 3584 in
207 3541 274 3584 rem
298 3521 458 3606 publicam
480 3521 616 3603 fortuna,
646 3523 692 3586 ita
721 3520 806 3586 domi
836 3521 1022 3604 inprospera
1051 3519 1112 3585 fuit
1141 3522 1181 3586 ob

145 3623 363 3708 inpudicitiam
397 3623 481 3689 filiae
510 3644 549 3689 ac
580 3626 695 3708 neptis,
726 3644 806 3706 quas
835 3625 914 3688 urbe
945 3622 1066 3707 depulit
1097 3623 1183 3690 adul-

146 3734 291 3810 terosque
322 3749 431 3794 earum
461 3735 562 3794 morte
592 3734 647 3793 aut
676 3727 754 3813 fuga
783 3727 916 3812 punivit.
952 3747 1027 3791 nam
1058 3728 1182 3812 culpam

144 3832 227 3896 inter
248 3832 334 3899 viros
356 3853 395 3897 ac
417 3831 554 3898 feminas
577 3832 739 3916 vulgatam
763 3831 858 3918 gravi
876 3831 1015 3897 nomine
1026 3832 1209 3893 laesarum

199 3944 292 3988 anatra
306 3943 446 3990 assuta
465 3945 484 3987 r.
509 3945 547 4000 (o.
558 3945 646 4004 araas
659 3945 683 3993 u
695 3945 792 4002 contrua
1095 3931 1116 3976 'l
