2760 4214
434 211 459 249 a.
472 194 506 250 U.
518 209 541 249 c.
555 197 614 251 778.
641 209 668 262 p.
681 193 744 248 Chr.
757 197 799 251 25.
1069 177 1129 241 147

91 367 231 433 Milesios
268 368 421 452 permisso
458 368 585 452 publice
621 368 760 449 arbitrio,
798 375 956 452 postremo
990 367 1132 433 Atidium

92 471 261 536 Geminum
288 478 466 555 praetorem
489 472 632 538 Achaiae
655 472 844 537 decrevisse.
889 472 934 536 ita
957 471 1131 537 secundum

92 574 267 640 Messenios
294 573 413 640 datum.
454 581 485 640 et
508 575 676 658 Segestani
698 575 810 640 aedem
833 575 967 640 Veneris
991 581 1130 640 montem

92 679 178 762 apud
199 680 348 763 Erycum,
372 685 531 745 vetustate
547 680 713 764 dilapsam,
737 680 906 745 restaurari
920 680 1130 765 postulavero,

92 790 169 848 nota
183 789 394 848 memorantes
410 782 450 849 de
465 784 586 868 origine
603 784 670 848 eius
686 790 717 848 et
732 784 816 847 laeta
831 783 968 848 Tiberio.
993 783 1132 867 suscepit

93 906 199 951 curam
208 887 310 952 libens
319 893 353 951 ut
362 888 626 972 consanguineus.
643 895 718 951 tunc
726 893 879 952 tractatae
889 887 1131 952 Massiliensium

92 1010 203 1074 preces
225 991 457 1074 probatumque
480 992 514 1055 Ρ.
539 991 649 1055 Rutilii
672 991 868 1074 exemplum;
899 1010 1036 1072 namque
1059 1011 1131 1055 eum

91 1093 217 1177 legibus
247 1094 372 1178 pulsum
403 1094 505 1159 civem
536 1094 597 1158 sibi
623 1093 795 1176 Zmyrnaei
825 1091 1023 1157 addiderant.
1070 1113 1131 1175 quo

92 1196 160 1260 iure
171 1197 334 1262 Vulcatius
349 1196 496 1262 Moschus
519 1197 593 1261 exul
608 1197 642 1260 in
656 1196 872 1261 Massilienses
887 1202 1032 1280 receptus
1048 1197 1132 1261 bona

93 1319 151 1365 sua
173 1301 218 1365 rei
240 1301 387 1384 publicae
411 1322 518 1366 eorum
541 1309 575 1366 ut
597 1302 719 1385 patriae
743 1301 921 1384 reliquerat.

179 1404 231 1469 44.
264 1405 380 1471 Obiere
410 1426 447 1470 eo
479 1426 563 1470 anno
593 1407 653 1471 viri
683 1406 806 1471 nobiles
836 1405 892 1469 On.
917 1405 1070 1470 Lentulus
1100 1412 1132 1469 et
1151 1403 1296 1517 „Malum

93 1509 129 1573 L.
153 1509 320 1575 Domitius.
360 1510 505 1574 Lentulow
524 1530 619 1593 super
649 1510 846 1575 consulatum
874 1516 907 1574 et
929 1508 1132 1593 triumphalia
1168 1502 1305 1595 stamus]

94 1611 135 1677 de
165 1613 254 1678 Getis
283 1613 405 1697 gloriae
435 1613 538 1677 fuerat
568 1614 649 1678 bene
681 1614 813 1678 tolerata
841 1619 1022 1697 paupertas,
1057 1611 1130 1677 dein
1168 1611 1286 1657 ΝΜ·

93 1737 230 1801 magnae
252 1737 329 1800 opes
351 1717 536 1782 innocenter
558 1725 669 1801 partae
692 1726 723 1781 et
746 1718 889 1784 modeste
910 1716 1047 1781 habitae.
1071 1717 1131 1781 Do-

94 1820 217 1885 mitium
247 1821 410 1887 decoravit
431 1828 522 1905 pater
546 1821 631 1886 civili
654 1821 736 1886 bello
760 1822 855 1886 maris
877 1826 999 1906 potens,
1031 1820 1132 1886 donec

94 1924 225 1989 Antonii
246 1925 400 2009 partibus,
431 1945 505 1989 mox
530 1926 674 1991 Caesaris
697 1926 889 1990 misceretur.
928 1945 1008 1989 avus
1038 1923 1133 1988 Phar-

95 2028 193 2093 salica
214 2029 283 2093 acie
306 2049 362 2113 pro
385 2029 599 2112 optumatibus
623 2027 790 2092 ceciderat.
815 2029 884 2112 ipse
907 2027 1058 2109 delectus,
1082 2029 1132 2093 cui

94 2132 196 2196 minor
210 2133 360 2213 Antonia,
384 2131 518 2197 Octavia
540 2132 659 2216 genita,
682 2132 716 2196 in
738 2132 972 2197 matrimonium
995 2131 1131 2213 daretur,

94 2242 166 2320 post
196 2236 338 2301 exercitu
368 2235 487 2300 {lumen
511 2237 618 2301 Albim
649 2235 854 2317 transcendit,
884 2235 1009 2320 longius
1039 2256 1132 2320 pene-

93 2345 177 2404 trata
200 2340 380 2420 Germania,
404 2360 499 2422 quam
523 2339 690 2422 quisquam
713 2340 862 2424 priorum,
887 2359 1004 2421 easque
1027 2341 1067 2405 ob
1082 2359 1133 2404 res

93 2441 233 2527 insignia
248 2442 399 2528 triumphi
414 2442 550 2527 adeptus
566 2450 623 2508 est.
655 2443 733 2507 obiit
753 2450 785 2508 et
799 2444 834 2507 L.
851 2443 1019 2522 Antonius,
1035 2443 1133 2506 multa

95 2544 281 2610 claritudine
303 2547 440 2629 generis,
464 2547 522 2612 sed
544 2548 738 2631 inprospera.
761 2567 834 2610 nam
857 2553 947 2630 patre
971 2547 1038 2610 eius
1053 2546 1132 2611 Iullo

93 2650 232 2714 Antonio
259 2650 299 2714 ob
326 2649 516 2714 adulterium
539 2651 638 2715 Iuliae
665 2657 765 2714 morte
787 2649 898 2733 punito
921 2647 1006 2712 huno
1027 2648 1132 2713 admo-

94 2752 170 2817 dum
192 2752 473 2833 adulesoentulum,
497 2755 611 2819 sororis
632 2760 791 2838 nepotem,
815 2753 955 2836 seposuit
969 2753 1132 2837 Augustus

93 2857 127 2921 in
152 2857 312 2922 civitatem
335 2857 575 2938 Massiliensem,
610 2858 666 2922 ubi
689 2857 796 2942 specie
819 2855 994 2921 studiorum
1017 2877 1131 2922 nomen

95 2961 182 3025 exilii
205 2967 372 3045 tegeretur.
405 2960 533 3026 habitus
555 2968 663 3026 tamen
686 2961 842 3045 supremis
865 2961 973 3041 honor,
997 2981 1132 3043 ossaque

95 3065 215 3129 tumulo
238 3064 441 3130 Octaviorum
464 3067 564 3144 inlata
586 3086 644 3150 per
667 3065 827 3130 decretum
851 3071 990 3129 senatus.

179 3169 231 3234 45.
255 3168 362 3234 Isdom
386 3170 569 3235 consulibus
592 3170 717 3235 facinus
739 3176 831 3234 atrox
854 3169 887 3234 in
911 3169 1056 3233 citeriore
1079 3169 1132 3234 Hi·
1158 3167 1294 3219 amaena

92 3274 206 3358 spania
227 3273 403 3338 admissum
425 3295 445 3338 a
465 3273 602 3356 quodam
617 3275 736 3359 agresti
751 3273 889 3338 nationis
904 3274 1130 3338 Termestinae.
1158 3236 1319 3305 mmm*-

93 3377 120 3442 is
150 3386 327 3461 praetorem
358 3379 541 3462 provinciae
569 3381 605 3443 L.
629 3378 789 3459 Pisonem,
819 3397 899 3461 paco
928 3378 1131 3458 incuriosum,

93 3502 135 3546 ex
157 3482 316 3565 inproviso
340 3482 373 3546 in
395 3482 508 3547 itinere
530 3481 661 3548 adortus
683 3503 746 3546 uno
776 3481 908 3546 vulnere
935 3481 968 3544 in
999 3487 1131 3544 mortem

92 3585 224 3669 adfecit;
248 3605 287 3650 ao
309 3586 495 3668 pernicitate
518 3587 592 3668 equi
607 3585 770 3671 profugus,
794 3591 962 3669 postquam
978 3584 1132 3649 saltuosos

92 3689 178 3754 locos
200 3689 358 3773 attigerat,
382 3688 512 3755 dimisso
536 3710 617 3772 equo
640 3710 697 3774 per
717 3689 851 3773 derupta
865 3693 898 3753 et
912 3687 986 3751 avia
1001 3707 1131 3769 sequen-

92 3794 134 3858 tis
157 3793 324 3859 frustratus
347 3801 403 3860 est.
439 3814 542 3876 neque
565 3793 620 3859 diu
642 3794 768 3860 fefellit:
792 3814 867 3857 nam
888 3811 1004 3876 prenso
1027 3791 1131 3858 ducto

93 3918 155 3980 que
177 3918 234 3983 per
256 3898 416 3983 proximos
438 3920 538 3985 pagos
561 3919 655 3985 equo,
677 3898 769 3966 ouius
787 3897 876 3964 toret
895 3897 1078 3980 aequitum.
1112 3902 1152 3957 es

1008 3998 1058 4048 ro*
