2760 4214
231 154 273 217 94
468 168 517 223 Ab
536 184 651 223 excessu
671 169 703 223 n.
716 170 843 238 Augusti
862 170 905 224 111
925 173 1035 226 11-11.

231 364 288 427 per
311 342 479 427 collegium
501 343 684 408 consulatus
706 343 865 425 quondam
889 343 962 408 divo
982 344 1126 427 Augusto
1149 343 1274 426 parenti

232 453 285 511 tuo
307 447 459 530 probatus
482 453 514 510 et
535 446 594 511 tibi
616 447 737 511 amicus
760 466 819 512 neo
841 446 1010 528 quiequam
1032 453 1104 531 post
1126 445 1206 511 haec
1228 466 1274 512 rc

230 558 361 635 gaturus
392 551 527 615 salutem
557 548 694 616 infelicis
724 549 781 614 filii
810 544 908 634 rogo'
945 549 986 616 de
1012 550 1165 614 Plancina
1195 548 1275 614 nihil

231 653 364 719 addidit.

70 756 201 877 {tilffiss
323 759 371 822 17.
396 759 470 823 Post
493 778 575 840 quae
590 758 736 823 Tiberius
758 757 995 823 adulescentem
1019 758 1149 822 crimine
1172 757 1274 823 civilis

72 894 201 947 gamm,
233 862 308 927 belli
338 861 496 944 purgauit,
528 861 627 944 patris
657 861 775 945 quippe
805 862 891 926 iussa
918 882 978 927 nec
1007 861 1147 946 potuisse
1173 861 1273 925 filium

81 962 190 1077 eucarpo
234 965 420 1044 detrectare,
445 965 537 1029 simul
560 965 759 1033 nobilitatem
775 965 896 1046 domus,
921 965 1017 1030 etiam
1032 965 1132 1048 ipsius
1149 984 1273 1046 quoquo

77 1033 202 1165 :2¹:223
235 1068 328 1134 modo
350 1068 454 1133 meriti
476 1088 608 1152 gravem
631 1088 738 1132 casum
761 1068 937 1134 miseratus.
961 1089 1017 1152 pro
1033 1068 1187 1132 Plancina
1202 1088 1273 1132 cum

73 1191 203 1234 111111
235 1171 354 1256 pudore
378 1178 409 1237 et
431 1171 551 1256 flagitio
575 1171 732 1252 disseruit,
756 1172 865 1237 matris
888 1192 999 1256 preces
1021 1171 1209 1253 obtendens,
1239 1172 1273 1235 in

236 1297 330 1358 quam
354 1276 464 1360 optimi
487 1276 638 1358 cuiusque
661 1277 774 1341 secreti
790 1282 920 1358 questus
935 1276 1037 1360 magis
1053 1275 1271 1341 ardescebant.

235 1381 268 1444 id
292 1400 366 1464 ergo
389 1380 438 1445 fas
460 1380 562 1460 auiae,
593 1379 838 1445 interfectricem
865 1381 989 1464 nepotis
1015 1378 1190 1464 adspicere,
1220 1378 1274 1443 ad-

235 1485 330 1566 loqui,
362 1485 482 1567 eripere
513 1484 646 1548 senatui.
685 1482 770 1565 quod
792 1504 848 1567 pro
871 1483 1017 1548 omnibus
1041 1483 1164 1548 civibus
1185 1483 1274 1567 leges

235 1588 409 1667 obtineant,
425 1588 481 1651 uni
493 1587 682 1652 Germanico
698 1607 762 1651 non
778 1587 956 1672 contigisse.
976 1587 1093 1653 Vitellii
1106 1593 1137 1652 et
1145 1587 1275 1652 Veranii

235 1711 314 1756 voce
337 1690 487 1756 defletum
511 1690 689 1771 Caesarem,
724 1691 764 1754 ab
788 1691 978 1774 imperatore
1002 1699 1034 1756 et
1055 1692 1201 1775 Augusta
1223 1689 1274 1755 de-

236 1794 360 1860 fensam
375 1794 571 1859 Plancinam.
603 1793 735 1878 proinde
758 1815 884 1860 venena
906 1801 938 1859 et
959 1801 1123 1860 artesiam
1140 1793 1274 1858 feliciter

237 1904 386 1982 expertas
413 1904 550 1963 verteret
577 1898 611 1962 in
633 1898 853 1982 Agrippinam,
885 1898 918 1962 in
941 1898 1057 1964 liberos
1079 1898 1156 1979 eius,
1188 1918 1273 1982 egre-

235 2003 384 2086 giamque
407 2002 512 2066 aviam
535 2022 574 2066 ac
595 2009 743 2086 patruum
766 2002 922 2086 sanguine
945 2002 1138 2067 miserrimae
1162 2000 1274 2066 domus

237 2105 417 2170 exsatiaret.
457 2104 590 2169 biduum
620 2125 714 2189 super
743 2105 805 2171 hac
834 2105 973 2190 imagine
1004 2106 1192 2189 cognitionis
1221 2104 1274 2170 ab·

237 2215 405 2292 sumptum,
440 2214 573 2292 urgente
602 2209 729 2274 Tiberio
762 2209 878 2275 liberos
906 2209 1031 2274 Pisonis
1066 2216 1198 2274 matrem
1228 2209 1274 2272 uti

236 2317 407 2377 tuerentur.
447 2318 478 2376 et
508 2331 578 2376 oum
610 2319 810 2378 accusatores
840 2333 878 2378 ao
908 2320 1005 2379 testes
1032 2313 1176 2377 certatim
1207 2332 1274 2397 per·

235 2422 362 2481 orarent
383 2414 596 2499 respondente
616 2415 711 2497 nullo,
735 2416 895 2482 miseratio
919 2437 1014 2498 quam
1036 2416 1158 2482 invidia
1180 2436 1274 2500 auge-

236 2521 338 2585 batur.
376 2518 496 2603 primus
518 2519 709 2584 sententiam
732 2527 860 2604 rogatus
882 2519 1029 2585 Aurelius
1049 2520 1142 2585 Cotta
1164 2520 1274 2584 consul

237 2622 325 2708 (nam
358 2621 515 2688 referente
547 2622 683 2688 Caesare
717 2623 921 2706 magistratus
951 2642 988 2688 11
1018 2623 1114 2688 etiam
1143 2642 1273 2687 munere

235 2725 463 2811 fungebantur)
499 2746 615 2792 nomen
646 2726 771 2791 Pisonis
805 2725 981 2792 radendum
1014 2725 1107 2792 fastis
1140 2726 1272 2806 censuit,

235 2836 358 2912 partem
388 2831 542 2895 bonorum
573 2828 806 2913 publicandam,
837 2850 911 2913 pars
937 2836 972 2894 ut
995 2830 1052 2896 On.
1075 2830 1183 2895 Pisoni
1210 2829 1273 2894 tilio

236 2930 460 2997 concederetur
486 2933 577 3014 isque
606 2953 800 3017 praenomen
826 2940 976 3018 mutaret;
1006 2934 1048 2998 M.
1072 2934 1145 2999 Piso
1176 2939 1274 2999 exuta

235 3033 390 3119 dignitate
413 3042 444 3100 et
466 3043 597 3119 accepto
620 3037 853 3120 quinquagiens
876 3038 1019 3103 sestertio
1041 3037 1074 3100 in
1095 3035 1273 3102 1111111111-
1353 3030 1356 3035 ’

235 3158 292 3203 nos
308 3139 510 3223 relegaretur,
527 3160 677 3205 concessa
688 3141 861 3205 Plancinae
877 3141 1092 3206 incolumitate
1106 3141 1147 3206 ob
1163 3159 1273 3225 preces

234 3244 406 3327 Augustae.

60 3340 216 3464 ¹¹:33⁶&ss
326 3346 374 3411 18.
399 3348 497 3412 Multa
520 3367 560 3413 111
584 3367 623 3412 ea
645 3347 803 3414 sententia
825 3347 971 3433 mitigata
986 3356 1060 3414 sunt
1074 3370 1095 3413 a
1114 3347 1270 3433 principe:

191 3442 197 3456 ⁴
234 3472 275 3516 ne
298 3470 415 3516 nomen
437 3451 561 3517 Pisonis
584 3451 676 3516 fastis
699 3450 899 3533 eximeretur,
924 3451 1051 3534 quando
1073 3453 1115 3518 M.
1132 3451 1272 3531 Antonii,

235 3555 289 3637 qui
325 3554 439 3618 bellum
473 3554 594 3638 patriae
623 3554 761 3635 fecisset,
796 3555 868 3620 Iulli
890 3555 1030 3636 Antonii,
1065 3556 1119 3637 qui
1146 3554 1271 3620 domum

234 3658 370 3741 Augusti
394 3657 554 3737 violasset,
578 3666 751 3723 manerent.
792 3665 824 3724 et
845 3660 886 3724 Μ.
909 3659 1057 3724 Pisonem
1079 3658 1273 3742 ignominiae

236 3760 354 3826 exemit
385 3760 602 3842 concessitque
633 3762 661 3827 ei
691 3769 824 3846 patema
854 3761 948 3844 bona,
981 3764 1058 3828 satis
1089 3762 1207 3842 firmus,
1238 3768 1273 3825 ut

69 3816 111 3960 ἱ
232 3884 331 3948 saepe
365 3863 546 3945 memoravi,
584 3864 753 3932 adversum
786 3866 954 3950 pecuniam
987 3872 1019 3932 et
1053 3872 1119 3931 tum
1153 3864 1273 3949 pudore
