2760 4214
186 160 247 223 192
419 177 468 230 Ab
487 191 602 231 excessu
619 176 651 231 D.
665 177 791 246 Augusti
808 176 849 231 VI
866 179 979 232 lt-le.

22 352 147 438 sensisse
268 351 320 414 44.
346 351 453 417 Sensit
475 357 567 416 vetus
588 350 744 435 regnandi
766 350 864 415 falsos
884 351 920 414 in
942 370 1048 415 amore
1071 349 1145 415 odia
1160 371 1223 416 non

51 425 123 541 ”³2⁰¹
182 454 312 538 fingere.
336 474 395 519 nec
418 455 500 519 ultra
522 462 670 538 moratus,
695 475 790 536 quam
806 454 881 518 dum
896 454 1087 538 Scytharum
1102 455 1223 520 auxilia

27 565 148 618 acessus,
183 559 331 639 conciret,
354 559 459 642 pergit
472 578 624 642 properus
640 565 671 623 et
685 558 896 642 praeveniens
910 558 1110 623 inimicorum
1124 565 1224 641 astus,

15 635 159 758 mmm
183 662 356 727 amicorum
389 661 631 746 paenitentiam3
666 681 770 744 neque
805 668 937 726 exuerat
969 661 1151 746 paedorem,
1189 670 1225 729 ut

31 773 137 826 auctoru·
182 766 313 849 vulgum
343 765 543 830 miseratione
573 765 763 830 adverteret.
801 786 864 830 non
887 765 984 847 fraus,
1014 787 1078 831 non
1101 786 1224 850 preces,

182 869 262 932 nihil
278 869 438 949 omissum,
463 889 524 951 quo
547 870 713 953 ambiguos
735 869 888 950 inliceret,
911 870 1048 953 prompti
1063 869 1229 960 firmaren-

182 979 241 1036 tur.
271 973 398 1053 iamque
414 973 512 1036 multa
531 993 628 1036 manu
643 973 820 1056 propinqua
836 973 999 1039 Seleuciae
1013 972 1225 1056 adventabat,

183 1096 253 1140 cum
269 1075 427 1140 Tiridates
450 1076 542 1140 simul
565 1075 652 1141 fama
673 1083 770 1158 atquc
792 1077 862 1161 ipso
878 1077 1041 1142 Artabano
1057 1079 1225 1161 perculsus

182 1179 314 1244 distrahi
338 1180 486 1260 consiliis,
510 1179 570 1244 iret
594 1187 702 1244 contra
724 1201 765 1244 an
788 1181 906 1245 bellum
929 1181 1129 1246 cunctatione
1144 1188 1225 1247 trac

183 1289 272 1348 taret.
312 1284 426 1365 quibus
448 1284 601 1367 proelium
624 1290 655 1348 et
678 1284 819 1349 festinati
842 1304 935 1349 casus
957 1285 1137 1368 placebant,
1162 1285 1223 1351 dis·

182 1387 280 1452 iectos
307 1394 339 1451 et
366 1387 596 1471 longinquitate
626 1388 747 1452 itineris
776 1388 877 1453 fessos
899 1409 940 1453 ne
963 1388 1069 1453 animo
1093 1388 1223 1470 quidem

182 1492 259 1556 satis
282 1490 323 1554 ad
347 1491 532 1572 obsequium
557 1491 711 1556 coaluisse
734 1491 903 1572 disserunt,
927 1490 1104 1575 proditores
1119 1513 1225 1576 nuper

181 1593 351 1676 hostesque
375 1595 452 1675 eius,
476 1615 570 1675 quem
586 1614 709 1660 rursum
725 1595 863 1660 foveant.
889 1615 998 1659 verum
1013 1594 1228 1680 Abdagaeses

181 1697 426 1781 regrediendum
439 1699 471 1760 in
483 1699 744 1781 Mesopotamiam
757 1699 919 1780 censebat,
936 1706 970 1763 ut
982 1718 1075 1763 amne
1087 1700 1225 1782 obiecto,

182 1802 341 1866 Armeniis
363 1802 488 1866 interim
504 1802 730 1884 Elymaeisque
753 1809 784 1867 et
807 1802 963 1867 ceteris.a
984 1809 1073 1886 tergo
1097 1804 1224 1886 excitis,

182 1906 265 1971 aucti
297 1906 395 1989 copiis
426 1906 595 1971 socialibus
626 1913 657 1971 ct
687 1926 766 1987 quas
796 1905 863 1970 dux
892 1908 1054 1972 Romanus
1084 1908 1228 1974 misisset

182 2008 341 2074 fortunam
363 2015 561 2092 temptarent.
598 2030 637 2073 ea
659 2010 818 2074 sententia
841 2010 950 2090 valuit,
983 2010 1058 2093 quia
1087 2011 1226 2095 plurima

182 2112 352 2178 auctoritas
382 2133 481 2195 penes
510 2112 724 2196 Abdagaesen
758 2120 790 2178 et
822 2113 980 2178 Tiridates
1012 2115 1151 2198 ignavus
1180 2115 1224 2180 ad

182 2216 322 2300 pericula
345 2223 420 2280 crat.
452 2215 509 2280 sed
532 2217 627 2299 fugae
650 2217 756 2301 specie
779 2217 966 2302 discessum,
998 2239 1037 2282 ac
1066 2219 1226 2303 principio

182 2340 202 2383 a
224 2324 320 2403 gente
343 2320 484 2384 Arabum
507 2320 593 2386 facto
618 2321 714 2385 ceteri
736 2320 846 2386 domos
868 2323 987 2386 abeunt
1003 2322 1054 2387 vel
1068 2323 1102 2386 in
1119 2330 1225 2388 castra

181 2424 345 2505 Artabani,
370 2423 471 2489 donec
486 2424 643 2489 Tiridates
667 2445 737 2489 cum
760 2425 871 2509 paucis
885 2425 920 2489 in
935 2426 1060 2491 Suriam
1074 2433 1225 2492 revectus

181 2528 301 2611 pudore
323 2528 511 2612 proditionis
534 2549 645 2594 omnes
668 2529 812 2594 exsolvit.

8 2632 163 2686 resarsurum
268 2633 320 2696 45.
344 2632 433 2696 Idem
461 2653 563 2697 annus
592 2633 684 2717 gravi
713 2633 788 2716 igne
818 2633 928 2697 urbem
958 2632 1076 2714 adficit,
1108 2632 1226 2699 deusta

27 2701 140 2834 {m
180 2741 271 2819 parte
294 2736 378 2817 circi,
410 2756 492 2818 quae
514 2736 674 2800 Aventino
702 2736 858 2819 contigua,
889 2737 1021 2819 ipsoque
1044 2736 1223 2822 Aventino,

55 2859 114 2911 aas
182 2838 265 2919 quod
294 2837 446 2902 damnum
479 2840 596 2904 Caesar
625 2840 667 2903 ad
696 2840 829 2924 gloriam
859 2841 955 2904 vertit
983 2840 1138 2906 exsolutis
1169 2840 1224 2907 do·

30 2927 139 2980 mmm·
180 2962 287 3006 nruum
312 2949 343 3006 et
366 2943 538 3007 insularum
561 2944 678 3027 pretiis.
717 2944 841 3008 miliens
865 2945 1044 3008 sestertium
1065 2944 1098 3007 in
1122 2948 1225 3009 muni—

180 3045 308 3111 ficentia
324 3067 362 3110 ea
378 3048 583 3128 conlocatum,
608 3054 695 3112 tanto
718 3049 879 3131 acceptius
894 3049 928 3112 in
944 3050 1084 3131 vulgum,
1101 3056 1224 3131 quanto

180 3149 323 3215 modicus
346 3143 479 3234 privatis
502 3151 776 3218 aedificationibus
799 3172 840 3216 ne
862 3152 990 3235 publice
1012 3151 1141 3234 quidem
1157 3153 1222 3219 nisi

180 3253 241 3319 duo
272 3275 368 3337 opera
399 3255 523 3335 struxit,
556 3256 709 3338 templum
731 3256 876 3338 Augusto
904 3262 936 3320 et
959 3275 1108 3320 scaenam
1130 3256 1222 3322 Pom-

178 3359 286 3443 peiani
309 3359 437 3443 theatri,
470 3379 570 3441 eaque
592 3358 743 3442 perfecta,
769 3365 950 3442 contemptu
973 3359 1155 3424 ambitionis
1177 3381 1220 3425 an

178 3484 235 3547 per
257 3469 462 3544 senectutem,
485 3462 572 3526 haud
587 3462 756 3527 dedicavit.
781 3463 838 3528 sed
853 3463 1051 3528 aestimando
1067 3463 1222 3546 cuiusque

178 3566 366 3632 detrimento
397 3573 544 3649 quattuor
574 3567 741 3650 progeneri
772 3568 928 3647 Caesaris,
964 3569 1020 3634 On.
1048 3568 1218 3650 Domitius,

179 3671 306 3735 Cassius
321 3671 494 3754 Longinus
518 3671 559 3734 M.
573 3670 726 3751 Vinicius,
749 3672 913 3736 Rubellius
928 3670 1080 3752 Blandus,
1104 3670 1220 3736 delecti

176 3773 366 3855 additusque
389 3774 604 3839 nominatione
632 3775 796 3840 consulum
819 3776 853 3838 P.
877 3775 1052 3840 Petronius.
1100 3782 1131 3839 et
1161 3796 1221 3859 pro

165 3879 301 3967 ingenio
317 3879 473 3966 cuiusque
490 3879 628 3965 quaesiti
641 3877 824 3961 decretique
831 3878 869 3941 ‘m
876 3879 1051 3960 prinoipem
1066 3878 1218 3964 honores;
