2760 4214
432 205 457 242 a.
470 190 502 245 U.
516 205 539 244 c.
552 191 640 258 russo.
665 206 691 258 p.
704 188 766 244 chr.
780 193 867 258 assas.
1105 176 1166 240 123

111 356 114 364 ’
215 367 264 431 75.
290 364 406 432 Obiere
429 384 466 429 eo
489 384 572 428 anno
595 364 656 428 viri
678 365 826 430 inlustres
843 366 972 430 Asinius
988 366 1166 446 Saloninus,
1213 368 1314 448 miti

127 470 167 535 M.
183 470 328 555 Agrippa
351 475 382 533 et
405 468 546 533 Pollione
562 468 673 532 Asinio
695 469 775 549 avis,
799 467 897 533 fratre
913 469 1016 533 Druso
1032 468 1167 553 insignis
1194 437 1331 561 &dssssffiw'

129 573 319 656 Caesarique
342 591 498 657 progener
518 570 704 651 destinatus,
728 577 760 637 et
776 573 888 656 Capito
905 573 1025 654 Ateius,
1049 573 1166 655 dequo

127 677 309 758 memoravi,
341 675 518 761 principem
545 675 578 738 in
607 675 736 740 civitate
758 676 862 740 locum
886 676 998 741 studiis
1021 676 1167 741 civilibus

126 781 305 862 adsecutus,
336 779 392 845 sed
422 799 483 845 avo
513 780 696 844 centurione
720 780 858 861 Sullano,
887 787 977 864 patre
1000 781 1164 864 praetorio.

128 885 325 950 consulatum
348 884 377 948 ei
400 883 639 948 adceleraverat
662 884 834 966 Augustus,
857 891 892 949 ut
907 885 1090 949 Labeonem
1105 886 1167 949 An-

126 988 247 1053 tistium
269 986 371 1052 isdem
391 987 512 1052 artibus
527 987 772 1071 praecellentem
784 981 972 1071 'dignatione
988 988 1055 1053 eius
1071 988 1167 1072 magi-

127 1098 244 1157 stratus
277 1091 419 1156 anteiret.
459 1110 596 1172 namque
630 1091 683 1154 illa
714 1098 803 1156 aetas
837 1091 899 1156 duo
933 1093 1022 1176 pacis
1052 1091 1167 1158 decora

127 1195 220 1260 simul
241 1196 326 1259 tulit:
351 1194 408 1260 sed
427 1195 535 1259 Labeo
558 1195 740 1278 incorrupta
761 1195 907 1259 libertate
931 1202 962 1259 et
977 1197 1017 1260 ob
1033 1195 1067 1259 id
1081 1196 1168 1260 fama

127 1299 322 1380 celebratior,
348 1299 511 1382 Capitonis
526 1299 713 1380 obsequium
730 1297 966 1364 dominantibus
982 1299 1084 1383 magis
1099 1320 1167 1383 pro·

126 1404 270 1468 babatur.
315 1403 371 1484 illi,
395 1401 480 1484 quod
503 1409 685 1486 praeturam
708 1402 793 1466 intra
815 1403 911 1484 stetit,
936 1401 1166 1467 commendatio

126 1529 168 1573 ex
198 1508 321 1589 iniuria,
353 1507 436 1588 huic,
468 1506 553 1588 quod
583 1508 780 1572 consulatum
812 1507 946 1591 adeptus
970 1513 1027 1588 est,
1059 1507 1166 1571 odium

127 1632 167 1675 ex
190 1611 313 1677 invidia
336 1611 504 1676 oriebatur.

214 1715 264 1780 76.
288 1715 328 1779 Et
351 1715 442 1779 Iunia
464 1715 687 1798 sexagensimo
712 1721 822 1796 quarto
842 1722 914 1798 post
930 1715 1166 1799 Philippensem

125 1819 227 1883 aciem
256 1839 340 1883 anno
372 1839 553 1903 supremum
576 1817 660 1883 diem
684 1819 835 1903 explevit,
868 1820 988 1885 Catone
1010 1818 1166 1883 avunculo

125 1924 243 2006 genita,
269 1924 302 1989 O.
326 1923 427 1989 Cassii
449 1943 539 2003 uxor,
563 1923 603 1987 M.
621 1923 711 1987 Bruti
734 1943 827 1988 soror.
853 1928 1076 1988 testamentum
1099 1921 1167 1986 eius

126 2028 224 2092 multo
247 2027 332 2111 apud
355 2028 485 2111 vulgum
509 2047 632 2091 rumore
654 2026 723 2108 fuit,
748 2028 821 2109 quia
843 2028 877 2092 in
897 2028 1022 2111 magnis
1042 2027 1166 2110 opibus,

127 2150 198 2195 cum
228 2130 327 2196 ferme
356 2138 484 2196 cunctos
514 2151 659 2215 proceres
692 2152 763 2195 cum
786 2131 904 2196 honore
928 2132 1166 2212 nominavisset,

127 2235 296 2300 Caesarem
320 2236 434 2300 omisit.
474 2234 558 2317 quod
582 2236 716 2300 civiliter
737 2243 913 2320 acceptum,
937 2256 1042 2318 neque
1065 2235 1167 2319 prohi-

127 2339 196 2403 buit
211 2359 273 2421 quo
288 2339 394 2403 minus
409 2338 592 2404 laudatione
615 2361 671 2424 pro
694 2341 804 2405 rostris
820 2340 996 2422 ceterisque
1013 2339 1167 2404 sollemni·

125 2442 185 2506 bus
208 2441 303 2507 funus
326 2441 591 2509 cohonestaretur.
631 2444 745 2527 viginti
769 2444 1013 2509 clarissimarum
1036 2442 1167 2507 familia-

126 2566 194 2609 rum
225 2546 382 2628 imagines
412 2546 571 2611 antelatae
602 2557 684 2627 sunt,
720 2547 840 2628 Manlii,
872 2545 1011 2622 Quinctii
1041 2547 1167 2628 aliaque

126 2648 268 2715 eiusdem
299 2650 475 2715 nobilitatis
505 2651 644 2717 nomina.
685 2649 741 2715 sed
770 2649 1015 2734 praefulgebant
1038 2649 1167 2715 Cassius
1269 2657 1273 2663 '

125 2759 221 2834 atque
237 2754 352 2818 Brutus
370 2774 406 2819 eo
422 2755 500 2838 ipso,
523 2753 607 2836 quod
629 2753 753 2837 effigies
769 2774 876 2819 eorum
892 2774 955 2818 non
972 2754 1164 2818 visebantur.

524 2977 676 3058 LIBER
702 2976 766 3060 IV.

215 3168 242 3231 1.
268 3169 301 3234 C.
327 3167 437 3233 Asinio
467 3169 500 3234 C.
526 3169 664 3234 Antistio
695 3169 876 3235 consulibus
906 3190 1009 3234 nonus
1039 3167 1166 3234 Tiberio
1227 3155 1293 3211 ium

125 3292 228 3336 annus
251 3279 318 3336 erat
342 3273 535 3357 compositae
551 3274 597 3338 rei
613 3274 768 3357 publicae,
792 3273 934 3338 florentis
950 3273 1062 3338 domus
1077 3273 1166 3358 (nam
1185 3237 1338 3352 maffia,

125 3375 306 3441 Germanici
329 3382 461 3440 mortem
484 3377 567 3442 inter
588 3397 740 3461 prospera
763 3376 923 3461 ducebat),
948 3397 1018 3441 cum
1034 3382 1166 3459 repente

125 3479 251 3544 turbare
271 3478 397 3543 fortuna
412 3480 525 3563 eoepit,
550 3481 674 3545 saevire
696 3481 765 3565 ipse
781 3486 836 3544 aut
851 3479 1067 3545 saevientibus
1081 3480 1166 3544 vires

124 3585 286 3669 praebere.
325 3583 450 3648 initium
481 3591 512 3648 et
542 3605 638 3649 eausa
667 3604 766 3668 penes
789 3584 914 3648 Aelium
937 3583 1087 3649 Seianum
1118 3603 1166 3648 co·

124 3686 266 3753 hortibus
296 3687 462 3772 praetoriis
492 3687 699 3771 praesectum,
732 3688 821 3753 cuius
843 3687 883 3752 de
905 3687 1048 3771 potentia
1070 3707 1166 3770 supra

124 3792 311 3856 memoravi:
335 3811 420 3856 nunc
439 3791 604 3876 originem,
629 3812 742 3873 mores,
766 3799 799 3857 et
822 3812 883 3874 quo
906 3791 1047 3856 facinore
1070 3790 1165 3856 domi·

124 3896 284 3961 nationem
307 3903 434 3982 raptum
453 3896 534 3979 ierit,
558 3895 743 3984 expediam.
773 3895 1188 3983 genimsuuxsmnssmxe
