2760 4214
504 161 528 198 a.
542 143 574 199 U.
588 159 610 198 c.
625 146 684 199 772.
711 159 737 212 p.
751 142 814 196 Chr.
829 146 869 199 19.
1164 127 1203 190 81

166 317 248 382 filius
279 316 512 401 properandum
538 318 572 382 in
599 319 710 382 urbem
733 319 901 382 censebat:
933 317 1012 382 nihil
1034 316 1138 382 adhuc
1161 318 1205 382 in-

167 422 326 506 expiabile
359 420 543 503 admissum,
581 441 685 504 neque
723 421 919 505 suspiciones
953 421 1117 486 inbecillas
1150 429 1205 487 aut

167 525 276 589 inania
297 524 403 589 famae
426 523 688 609 pertimescenda.
727 524 917 590 discordiam
941 545 1018 609 erga
1043 525 1204 590 Germani-

168 649 240 694 cum
270 628 342 693 odio
372 628 507 693 fortasse
533 628 674 713 dignam,
704 650 768 694 non
791 649 908 713 poena;
940 635 972 694 et
1001 629 1204 713 ademptione

166 733 348 817 provinciae
372 733 449 798 satis
472 733 593 798 laetum
616 733 761 798 inimicis.
805 732 890 815 quod
920 734 948 798 si
977 732 1203 818 regrederetur,

165 837 338 902 obsistente
362 837 471 902 Sentio
499 837 591 902 civile
618 837 735 902 bellum
759 837 869 922 incipi3
901 857 962 902 nec
984 837 1148 902 duraturos
1170 837 1203 900 in

165 940 308 1024 partibus
338 940 538 1006 centuriones
568 941 758 1022 militesque,
789 940 874 1024 apud
906 961 984 1023 quos
1013 961 1124 1007 recens
1150 941 1204 1005 im-

165 1045 318 1128 peratoris
339 1044 388 1110 sui
408 1044 560 1109 memoria
575 1050 607 1109 et
622 1045 749 1129 penitus
764 1044 882 1109 infixus
898 1045 932 1109 in
948 1046 1101 1112 Caesares
1116 1067 1204 1111 amor

165 1148 371 1232 praevaleret.

253 1251 303 1314 77.
329 1252 447 1317 Contra
461 1251 621 1317 Domitius
639 1252 739 1332 Celer,
764 1272 805 1316 cx
827 1252 940 1316 intima
963 1253 1031 1318 eius
1053 1254 1203 1335 amicitia,
1245 1246 1358 1359 appleto

166 1354 315 1420 disseruit
337 1355 490 1420 utendum
513 1362 644 1422 eventu:
668 1357 827 1437 Pisonem,
850 1376 914 1420 non
934 1356 1078 1422 Sentium
1094 1357 1204 1423 Suriae
1252 1326 1352 1438 addedd

165 1459 394 1543 praepositum;
426 1458 499 1524 huic
521 1459 625 1525 fasces
649 1466 680 1524 et
702 1460 752 1525 ius
775 1460 938 1543 praetoris,
967 1458 1040 1524 huic
1062 1459 1205 1545 legiones
1223 1455 1271 1506 ¹¹⁰⁶
1288 1455 1378 1508 &lm

165 1560 265 1627 datas.
298 1563 325 1626 si
348 1561 425 1645 quid
447 1562 560 1627 hostile
583 1564 720 1647 ingruat,
744 1583 837 1645 quem
853 1563 966 1627 iustius
981 1584 1069 1628 arma
1083 1565 1205 1647 opposi-

165 1672 279 1749 turum,
304 1687 398 1748 quam
421 1667 475 1748 qui
496 1667 595 1751 legati
616 1667 836 1732 auctoritatem
858 1673 890 1730 et
912 1667 1038 1751 propria
1053 1666 1205 1731 mandata

165 1770 346 1852 acceperit?
390 1769 633 1851 relinquendum
657 1771 752 1835 etiam
774 1770 953 1835 rumoribus
976 1776 1111 1854 tempus,
1141 1791 1204 1852 quo

165 1879 348 1939 senescant:
364 1874 549 1957 plerumque
564 1875 750 1938 innocentes
765 1874 884 1938 receuti
900 1873 1041 1938 invidiae
1055 1874 1202 1958 impares.

166 1981 199 2039 at
221 1976 248 2041 si
270 1981 378 2041 teneat
401 1977 584 2058 exercitum,
615 1983 732 2061 augeat
761 1978 855 2058 vires,
886 1977 994 2060 multa,
1026 1998 1107 2059 quae
1137 1999 1203 2062 pro·

165 2079 268 2145 videri
290 2101 353 2145 non
378 2081 510 2165 possint,
534 2080 663 2146 fortuito
685 2082 719 2145 in
735 2081 847 2146 melius
863 2101 984 2146 casura.
1009 2073 1062 2146 ‘an
1077 2081 1204 2147 festina·
1281 2089 1285 2095 '

165 2202 236 2248 mus
252 2203 323 2248 cum
339 2184 519 2250 Germanici
543 2185 701 2250 cineribus
723 2184 892 2269 adpellere,
917 2191 952 2249 ut
973 2191 1005 2250 te
1027 2185 1204 2250 inauditum

167 2292 199 2350 et
221 2286 422 2353 indefensum
445 2289 591 2372 planctus
607 2288 804 2373 Agrippinae
826 2309 865 2353 ac
888 2289 1002 2373 vulgus
1024 2289 1203 2374 imperitum

165 2388 266 2473 primo
288 2411 412 2455 rumore
435 2392 582 2475 rapiant?
606 2398 654 2457 est
669 2392 727 2456 tibi
742 2393 906 2476 Augustae
929 2392 1132 2474 conscientia,
1156 2398 1204 2457 est

166 2493 313 2560 Caesaris
342 2494 443 2577 lavor,
474 2495 531 2561 sed
558 2496 591 2560 in
618 2496 753 2579 occult03
784 2502 817 2560 et
839 2496 959 2579 perisse
981 2495 1205 2561 Germanicum

165 2597 245 2661 nulli
266 2598 434 2664 iactantius
456 2606 600 2664 maerent
622 2620 717 2681 quam
740 2599 794 2681 qui
816 2599 955 2664 maxime
978 2596 1156 2664 laetantur?

254 2701 304 2767 78.
328 2702 423 2767 Haud
446 2724 564 2786 magna
585 2703 668 2768 mole
688 2703 771 2784 Piso,
794 2708 957 2787 promptus
980 2701 1147 2784 ferocibus,
1170 2703 1203 2767 in
1229 2696 1372 2813 ‘Bussffi

166 2805 357 2869 sententiam
386 2805 521 2870 trahitur
550 2807 718 2889 missisque
745 2806 788 2871 ad
809 2806 971 2871 Tiberium
994 2806 1137 2890 epistulis
1159 2807 1204 2871 in·
1223 2777 1251 2812 Μ
1310 2776 1377 2814 ‘¹¹⁸'

166 2916 255 2974 cusat
269 2910 492 2975 Germanicum
515 2912 610 2976 luxus
634 2917 665 2976 et
688 2911 869 2995 superbiae3
893 2930 991 2992 seque
1011 2911 1145 2993 pulsum,
1169 2917 1204 2974 ut

165 3011 251 3078 locus
274 3014 369 3078 rebus
391 3014 483 3078 novis
505 3013 678 3098 patefieret,
703 3033 809 3078 euram
832 3013 990 3078 exercitus
1013 3012 1125 3078 eadem
1140 3013 1204 3078 fide

166 3135 229 3197 qua
251 3117 388 3181 tenuerit
410 3117 605 3201 repetivisse.
645 3117 738 3182 simul
760 3117 932 3182 Domitium
960 3117 1131 3201 inpositum
1153 3117 1203 3181 tri·

165 3220 244 3284 remi
274 3220 375 3285 vitare
404 3221 530 3285 litorum
560 3241 646 3285 oram
676 3227 865 3304 praeterque
892 3220 1012 3285 insulas
1039 3220 1102 3284 alto
1125 3221 1203 3284 mari

165 3342 297 3407 pergere
327 3324 360 3388 in
391 3325 515 3390 Suriam
545 3324 641 3389 iubet.
689 3330 910 3389 concurrentes
940 3323 1117 3388 desertores
1147 3344 1204 3407 per

165 3428 344 3512 manipulos
373 3429 533 3513 conponit,
567 3434 668 3492 armat
698 3428 780 3492 lixas
810 3427 1014 3508 traiectisque
1044 3426 1077 3491 in
1108 3428 1202 3492 couti-

165 3538 295 3596 nentem
317 3532 452 3597 navibus
475 3532 627 3597 vexillum
650 3532 787 3597 tironum
806 3531 838 3595 in
855 3531 980 3596 Suriam
1002 3529 1144 3595 euntium
1159 3530 1203 3593 in-

165 3635 299 3719 tercipit,
330 3636 447 3720 regulis
472 3636 603 3701 Cilicum
631 3642 666 3699 ut
692 3655 727 3700 se
753 3635 881 3699 auxiliis
908 3634 1055 3699 iuvarent
1083 3632 1201 3712 scribit,

165 3738 251 3803 haud
280 3740 397 3823 ignavo
426 3739 468 3803 ad
497 3740 671 3804 ministeria
700 3739 775 3804 belli
803 3739 917 3803 iuvene
940 3737 1065 3817 Pisone,
1097 3756 1202 3817 quam-

166 3863 260 3925 quam
283 3842 520 3927 suscipiendum
541 3842 658 3908 bellum
680 3842 853 3907 abnuisset.

218 3953 312 3997 bouum
326 3956 359 3998 brt
372 3955 464 4000 moritus.
478 3955 494 3998 l.
527 3953 661 4011 (diffitentes
674 3953 698 4000 in
711 3953 804 4011 lctuqtqq
1094 3946 1115 3989 b
