2760 4214
13 2192 63 2237 tlte
79 2193 132 2237 utut

11 2269 54 2307 teu
68 2263 138 2307 (tutuo

20 2329 124 2385 certitu,

170 139 212 205 56
414 156 462 211 Ab
482 171 599 211 excessu
616 157 649 211 D.
663 156 790 228 Augusti
808 157 837 211 II
855 161 967 215 26—30.

170 331 315 395 Tiberius
338 333 487 397 monebat
509 330 626 397 rediret
648 331 690 395 ad
713 330 874 397 decretum
897 331 1104 417 triumphum:
1133 332 1211 396 satis

170 435 234 498 iam
267 441 448 516 eventuum,
483 436 560 500 satis
595 456 733 501 casuum.
772 457 924 521 prospera
953 436 998 500 illi
1032 442 1063 501 et
1093 455 1211 519 magna

170 539 303 623 proelia:
327 559 435 605 eorum
458 559 581 621 queque
597 539 801 621 meminisset,
826 560 907 622 quae
931 541 1019 605 venti
1034 545 1065 604 et
1085 538 1210 618 fluctus,

169 643 257 707 nulla
279 642 368 707 ducis
392 643 493 726 culpa,
516 643 628 727 gravia
651 648 757 708 tamen
780 649 812 709 et
835 663 932 708 saeva
955 643 1072 707 damna
1090 642 1210 706 intulis-

170 752 248 812 sent.
288 766 321 811 se
345 746 478 810 noviens
500 766 521 809 a
543 745 617 813 divo
632 746 776 831 Augusto
798 747 832 811 in
853 747 1057 812 Germaniam
1079 747 1211 811 missum

170 851 260 935 plura
295 850 424 915 consilio
459 871 554 932 quam
586 851 618 915 vi
652 851 832 935 perfecisse.
878 852 923 916 sic
954 851 1147 935 Sugambros
1177 850 1211 913 in

170 955 363 1019 deditionem
404 961 560 1039 acceptos
609 956 654 1019 sic
696 956 818 1021 Suebos
858 976 1028 1039 regemque
1069 954 1211 1018 Marobo-

170 1059 268 1122 duum
298 1079 377 1142 pace
406 1059 599 1123 obstrictum.
639 1080 732 1143 posse
764 1065 794 1123 et
818 1058 994 1125 Cheruscos
1025 1064 1210 1139 ceterasque

169 1163 333 1228 rebellium
361 1169 484 1246 gentes,
520 1164 668 1246 quoniam
698 1165 860 1228 Romanae
891 1164 1002 1228 ultioni
1034 1162 1210 1228 consultum

170 1272 264 1347 esset,
298 1267 430 1332 internis
464 1267 629 1332 discordiis
659 1267 802 1349 relinqui.
849 1274 998 1352 precante
1022 1266 1210 1331 Germanico

169 1390 289 1434 annum
323 1370 499 1436 efficiendis
534 1371 662 1455 coeptis,
697 1371 800 1436 acrius
834 1371 1022 1445 modestiam
1056 1371 1123 1434 cius
1157 1369 1210 1433 ad·

168 1475 310 1558 greditur
332 1475 466 1540 alterum
484 1476 680 1540 consulatum
696 1474 866 1556 offerendo,
890 1475 978 1539 cuius
999 1474 1108 1538 munia
1122 1493 1211 1557 prae-

169 1600 242 1645 sens
266 1580 375 1644 obirot.
405 1579 497 1644 simul
520 1579 719 1660 adnectebat,
744 1579 770 1644 si
793 1579 874 1642 foret
897 1577 1000 1643 adhuc
1015 1576 1209 1657 bellandum,

168 1682 361 1764 relinqueret
384 1683 548 1747 materiem
571 1683 667 1747 Drusi
689 1682 796 1747 fratris
817 1683 946 1766 gloriae,
971 1682 1026 1764 qui
1040 1681 1127 1746 nullo
1143 1687 1210 1744 tum

169 1786 231 1850 alio
259 1784 349 1851 hoste
372 1806 435 1850 non
459 1786 521 1851 nisi
543 1784 629 1870 apud
653 1786 839 1851 Germanias
861 1784 994 1868 adsequi
1017 1806 1132 1850 nomen
1154 1785 1209 1849 im-

169 1890 359 1972 peratorium
383 1896 414 1953 et
437 1889 603 1974 deportare
625 1890 766 1954 lauream
788 1896 904 1974 posset.
934 1889 1020 1954 haud
1044 1895 1209 1955 cunctatus

170 1998 218 2057 est
240 1992 322 2057 ultra
344 1993 561 2075 Germanicus,
590 2015 781 2076 quamquam
803 1994 882 2077 fingi
904 2014 944 2058 ea
966 2013 1062 2075 seque
1086 2013 1142 2077 per
1164 1993 1210 2057 in-

171 2094 289 2160 vidiam
310 2103 401 2180 parto
424 2097 488 2161 iam
510 2095 617 2163 decori
638 2097 781 2162 abstrahi
803 2098 1007 2182 intellegeret.

256 2200 307 2264 27.
332 2200 396 2265 Sub
420 2199 505 2265 idem
532 2208 657 2285 tempus
684 2220 702 2265 e
728 2202 850 2266 familia
872 2202 1107 2268 Scriboniorum
1129 2201 1209 2265 Libo

169 2307 290 2369 Drusus
313 2303 454 2368 defertur
483 2305 584 2370 moliri
614 2325 664 2370 res
695 2325 803 2370 novas.
839 2307 906 2371 eius
933 2306 1051 2389 negotii
1073 2305 1208 2385 initium,

168 2406 321 2489 ordinem,
345 2407 441 2471 finem
464 2408 602 2474 curatius
625 2406 787 2491 disseram,
819 2409 895 2492 quia
917 2415 983 2472 tum
1005 2409 1141 2494 primum
1163 2428 1210 2472 re-

168 2517 259 2595 perta
289 2516 362 2576 sunt
393 2532 473 2593 quae
504 2532 561 2596 per
590 2517 636 2576 tot
665 2533 767 2578 annos
789 2534 856 2578 rem
879 2513 1039 2597 publicam
1062 2510 1207 2576 exedere.

137 2609 140 2615 ’
168 2615 305 2680 Firmius
326 2615 425 2692 Catus
449 2620 585 2697 senator,
617 2637 658 2680 ex
688 2616 801 2680 intima
827 2616 958 2681 Libonis
985 2617 1134 2697 amicitia,
1164 2615 1208 2680 iu·
1271 2606 1280 2622 ’

14 3437 72 3481 tenu
86 3440 132 3480 utt-

9 3509 71 3550 tutte
84 3507 128 3550 tut

18 3578 61 3619 tou
75 3575 129 3620 trio

10 3642 42 3687 tut
55 3644 137 3689 &tuctu

23 3714 142 3767 tuernout.
209 3755 216 3769 ,

168 2740 283 2784 venem
310 2719 511 2803 inprovidum
539 2725 570 2783 et
593 2719 719 2784 facilem
740 2720 889 2785 inanibus
911 2719 953 2783 ad
976 2719 1208 2786 Chaldaeorum

168 2823 332 2907 promissa,
363 2842 527 2906 magorum
555 2842 654 2904 sacra,
686 2825 879 2889 somniorum
901 2824 998 2888 etiam
1020 2824 1208 2907 interpretes

168 2926 301 3010 impulit,
336 2925 411 2989 dum
440 2946 593 3010 proavum
623 2927 818 3011 Pompeium,
849 2928 979 2992 amitam
1001 2928 1207 3008 Scriboniam,

168 3049 250 3112 quae
273 3029 433 3111 quondam
449 3030 583 3114 Augusti
606 3031 745 3095 coniunx
768 3031 881 3111 fuerat,
905 3031 1109 3096 consobrinos
1133 3031 1208 3096 an-

168 3152 264 3213 sares,
296 3133 423 3216 plenam
449 3134 641 3218 imaginibus
668 3135 796 3198 domum
826 3141 972 3216 ostentat,
1003 3133 1208 3216 hortaturque

168 3236 209 3300 ad
239 3236 349 3300 luxum
380 3243 412 3301 et
439 3258 494 3302 aes
523 3238 672 3318 alienum,
704 3239 808 3305 socius
830 3239 997 3304 libidinum
1021 3246 1051 3303 et
1073 3238 1208 3304 necessi-

168 3346 278 3421 tatum,
303 3361 366 3422 quo
388 3341 531 3424 pluribus
554 3341 680 3406 indiciis
702 3342 858 3426 inligaret.

254 3443 305 3508 28.
331 3446 375 3510 Ut
403 3446 481 3510 satis
508 3446 636 3510 testium
664 3451 695 3509 et
723 3447 775 3528 qui
799 3447 881 3511 servi
905 3446 1017 3512 eadem
1040 3453 1209 3512 noscerent

167 3548 315 3632 repperit,
339 3547 462 3612 aditum
484 3547 526 3612 ad
548 3548 725 3633 principem
747 3550 894 3634 postulat,
919 3550 1131 3616 demonstrato
1152 3551 1207 3615 cri-

167 3652 252 3717 mine
275 3657 307 3716 et
329 3672 382 3717 reo
401 3673 458 3737 per
473 3651 622 3716 Flaccum
633 3653 850 3734 Vescularium
865 3655 1004 3737 equitem
1019 3656 1207 3736 Romanum,

168 3775 218 3819 cur
241 3755 366 3839 propior
389 3776 461 3819 eum
475 3756 602 3821 liberio
622 3776 698 3821 usus
714 3763 790 3822 erat.
823 3759 941 3824 Caesar
955 3757 1107 3823 indicium
1122 3757 1209 3822 haud

167 3865 356 3943 aspernatus
379 3880 566 3943 congressus
588 3861 713 3925 abnuit:
737 3881 831 3944 posse
854 3861 939 3926 eninr
962 3860 1072 3925 eodem
1093 3862 1207 3926 Flacco
