2760 4214
463 198 689 266 auareque.
717 215 743 266 p.
757 197 818 252 cur.
833 198 920 264 errae.
1150 181 1208 243 177

171 372 320 437 moribus.
348 392 422 435 nam
446 373 546 455 primo
569 370 736 436 duodecim
759 372 876 436 tabulis
898 377 1053 453 sanctum,
1077 392 1118 436 ne
1141 372 1211 453 quis

172 475 312 540 unciario
332 476 461 541 faenore
475 475 612 559 amplius
628 481 800 556 exerceret,
825 495 896 539 curn
910 482 1007 540 antea
1022 496 1063 541 ex
1078 474 1211 538 libidine

171 578 372 664 locupletium
395 581 584 665 agitaretur,
608 579 682 644 dein
704 579 869 663 rogatione
892 578 1060 644 tribunicia
1074 578 1116 642 ad
1133 598 1211 644 sem-

171 684 281 748 uncias
317 683 490 765 redactum,
528 689 686 767 postremo
721 683 821 748 vetita
857 703 996 748 versura.
1042 681 1211 764 multisque

171 787 256 871 plebi
280 787 366 852 scitis
381 788 508 852 obviam
524 788 604 851 itum
619 786 794 867 fraudibus,
819 806 901 868 quae
916 787 1032 852 totiens
1047 805 1211 870 repressae

171 890 267 955 miras
296 911 353 975 per
379 897 463 956 artes
489 911 613 955 rursum
641 891 831 955 oriebantur.
878 891 1025 955 sedtum
1049 889 1211 955 Gracchus

170 1000 306 1077 praetor,
331 994 380 1076 cui
404 1014 442 1058 ea
465 994 609 1076 quaestio
633 999 792 1074 evenerat,
816 993 1019 1058 multitudine
1034 994 1211 1078 periclitan-

170 1098 249 1162 tium
286 1099 435 1163 subactus
472 1097 591 1162 rettulit
625 1097 667 1162 ad
702 1104 857 1178 senatum,
891 1097 1070 1181 trepidique
1103 1105 1211 1183 patres

171 1202 288 1288 (neque
311 1203 395 1266 enim
419 1202 585 1284 quisquam
608 1202 665 1265 tali
686 1201 778 1285 culpa
794 1201 927 1287 vacuus)
951 1203 1078 1266 veniam
1094 1223 1114 1266 a
1129 1201 1211 1286 prin-

171 1306 241 1390 cipe
263 1307 419 1390 petivere,
453 1311 484 1370 et
507 1305 702 1371 concedente
725 1325 827 1370 annus
850 1305 883 1369 in
907 1311 1066 1388 posterum
1090 1325 1211 1388 sexque

170 1429 295 1474 menses
313 1410 388 1490 dati,
413 1410 483 1491 quis
499 1409 673 1474 secundum
688 1410 774 1474 iussa
789 1408 870 1492 legis
885 1410 1023 1474 rationes
1039 1409 1211 1473 familiares

170 1513 303 1595 quisque
327 1518 560 1597 componerent.

260 1617 308 1681 ll.
333 1618 416 1681 Hinc
438 1615 546 1700 inopia
568 1615 614 1680 rei
634 1616 840 1697 nummariae,
864 1621 1018 1681 commoto
1040 1615 1133 1681 simul
1148 1637 1211 1681 om·
1234 1616 1379 1669 &limma

170 1721 258 1784 nium
280 1740 355 1786 aere
376 1720 490 1801 alieno,
522 1726 553 1785 et
576 1720 651 1802 quia
673 1726 720 1783 tot
742 1718 901 1784 damnatis
923 1721 1079 1803 bonisque
1103 1740 1209 1784 eorum
1236 1685 1378 1809 namuh

170 1823 343 1889 divenditis
374 1825 534 1908 signatum
561 1829 729 1906 argentum
759 1822 835 1888 fisco
866 1824 918 1888 vel
946 1824 1068 1888 aerario
1099 1823 1210 1888 attine·
1238 1825 1278 1868 Μ
1291 1823 1374 1879 illm·

170 1929 271 1993 batur.
295 1928 420 1993 adhoc
443 1934 572 1992 senatus
599 1927 856 2011 praescripserat,
888 1927 966 1992 duas
990 1928 1125 2010 quisque
1147 1927 1211 1992 fae-

170 2033 254 2096 noris
276 2038 384 2116 partes
406 2032 440 2095 in
463 2031 549 2115 agris
572 2051 629 2114 per
650 2030 776 2094 Italiam
801 2031 988 2096 conlocaret.
1035 2031 1093 2096 sed
1116 2032 1212 2096 credi-

170 2140 253 2200 tores
286 2135 320 2199 in
355 2134 489 2200 solidum
523 2134 739 2217 appellabant,
774 2154 834 2198 nec
865 2133 1013 2199 decorum
1043 2135 1211 2219 appellatis

170 2239 312 2303 minuere
342 2237 447 2302 fidem.
493 2237 539 2301 ita
569 2238 670 2321 primo
698 2238 897 2303 concursatio
925 2244 956 2302 et
984 2258 1105 2322 preceS,
1137 2238 1211 2302 dein

170 2348 309 2425 strepere
332 2341 486 2425 praetoris
509 2341 657 2421 tribunal,
682 2361 783 2423 eaque
804 2360 886 2422 quae
901 2341 1042 2407 remedio
1058 2342 1210 2429 quaesita,

169 2444 312 2509 venditio
335 2452 366 2509 et
389 2445 518 2528 emptio,
545 2444 579 2508 in
603 2445 793 2509 contrarium
816 2445 940 2525 mutari,
971 2448 1047 2526 quia
1069 2445 1211 2509 faenera-

170 2554 254 2614 tores
291 2568 417 2613 omnem
451 2548 619 2632 pecuniam
654 2546 832 2611 mercandis
869 2547 955 2629 agris
994 2546 1209 2612 condiderant.

170 2652 294 2735 copiam
317 2651 479 2716 vendendi
503 2657 612 2716 secuta
634 2651 767 2731 vilitate,
792 2657 910 2732 quanto
933 2651 1005 2731 quis
1021 2650 1209 2731 obaeratior,

167 2756 295 2837 aegrius
325 2754 555 2836 distrahebant,
587 2754 741 2836 multique
771 2752 905 2818 fortunis
927 2754 1209 2838 provolvebantur;
1261 2745 1263 2750 ’

169 2857 291 2923 eversio
306 2856 352 2922 rei
368 2857 533 2922 familiaris
548 2857 737 2942 dignitatem
753 2876 791 2921 ac
803 2857 921 2921 famam
934 2877 1088 2941 praeceps
1100 2856 1208 2939 dabat,

170 2960 273 3027 donec
295 2962 366 3026 tulit
388 2982 481 3045 opem
506 2961 625 3026 Caesar
655 2961 807 3044 disposito
838 2980 895 3045 per
926 2981 1054 3026 mensas
1083 2962 1209 3026 miliens

168 3065 311 3130 sestertio
338 3065 485 3147 factaque
508 3063 672 3129 mutuandi
695 3065 788 3148 copia
814 3064 883 3129 sine
908 3066 1012 3130 usuris
1038 3085 1094 3148 per
1116 3065 1210 3130 trien-

167 3169 265 3249 nium,
300 3168 327 3234 si
361 3168 484 3234 debitor
517 3169 633 3252 populo
666 3168 700 3232 in
735 3168 864 3251 duplum
895 3167 1033 3252 praediis
1063 3170 1207 3233 cavisset.

167 3272 213 3338 sic
236 3272 355 3338 refecta
388 3272 478 3353 fides,
506 3279 537 3336 et
559 3271 712 3356 paulatim
738 3271 854 3356 privati
884 3292 1008 3354 quoque
1038 3271 1208 3336 creditores

167 3376 291 3460 reperti.
338 3396 441 3458 neque
479 3376 597 3459 emptio
634 3396 781 3459 agrorum
819 3374 959 3440 exercita
996 3375 1038 3438 ad
1075 3375 1208 3439 formam

168 3486 297 3544 senatus
327 3480 470 3561 consulti,
502 3481 637 3561 acribus,
669 3486 704 3544 ut
733 3479 833 3546 ferme
864 3480 949 3560 talia,
983 3479 1091 3560 initiis,
1124 3480 1208 3543 incu-

167 3582 248 3648 rioso
271 3584 344 3648 fine.

256 3687 305 3752 18.
329 3687 414 3751 Dein
437 3686 570 3752 redeunt
592 3687 712 3771 priores
734 3694 838 3753 metus
860 3687 1017 3771 postulato
1033 3688 1208 3753 maiestatis
1226 3685 1286 3799 iifl:
1302 3685 1373 3731 ²³⁸¹st

166 3790 316 3856 Considio
328 3791 470 3873 Proculo,
487 3791 542 3872 qui
557 3792 642 3856 nullo
658 3811 777 3875 pavore
793 3791 877 3879 diem
893 3791 1031 3855 natalem
1043 3791 1207 3857 celebrans
1256 3764 1274 3799 ²¹
1286 3764 1364 3808 urceo.

165 3900 274 3978 raptus
297 3895 330 3958 in
353 3896 473 3959 curiam
496 3895 680 3980 pariterque
702 3895 878 3963 damnatus
888 3895 1172 3974 interiectusque.
1191 3902 1230 3955 et

212 4005 306 4048 aarum
318 4006 354 4048 tet
365 4005 459 4053 tacitus.
471 4008 489 4052 1.
518 4009 660 4068 (tusaque
673 4011 698 4057 tu
711 4011 812 4069 nepus
1101 3998 1144 4045 Ὦ·
