<?xml version="1.0" encoding="UTF-8"?>
<!DOCTYPE html PUBLIC "-//W3C//DTD XHTML 1.0 Transitional//EN"
    "http://www.w3.org/TR/xhtml1/DTD/xhtml1-transitional.dtd">
<html xmlns="http://www.w3.org/1999/xhtml" xml:lang="en" lang="en">
 <head>
  <title>
</title>
<meta http-equiv="Content-Type" content="text/html;charset=utf-8" />
  <meta name='ocr-system' content='tesseract 3.04.00' />
  <meta name='ocr-capabilities' content='ocr_page ocr_carea ocr_par ocr_line ocrx_word'/>
</head>
<body>
  <div class='ocr_page' id='page_1' title='image "./annalen00tacigoog_0208.png"; bbox 0 0 2760 4214; ppageno 0'>
   <div class='ocr_carea' id='block_1_1' title="bbox 201 131 1000 216">
    <p class='ocr_par' dir='ltr' id='par_1_1' title="bbox 201 131 1000 216">
     <span class='ocr_line' id='line_1_1' title="bbox 201 131 1000 216; baseline 0.009 -22"><span class='ocrx_word' id='word_1_1' title='bbox 201 131 262 195; x_wconf 71' lang='grc'><strong>186</strong></span> <span class='ocrx_word' id='word_1_2' title='bbox 439 147 488 202; x_wconf 89' lang='lat' dir='ltr'><strong>Ab</strong></span> <span class='ocrx_word' id='word_1_3' title='bbox 506 162 623 202; x_wconf 85' lang='lat' dir='ltr'><strong>excessu</strong></span> <span class='ocrx_word' id='word_1_4' title='bbox 639 147 672 201; x_wconf 91' lang='lat' dir='ltr'><strong>D.</strong></span> <span class='ocrx_word' id='word_1_5' title='bbox 686 147 812 216; x_wconf 85' lang='lat' dir='ltr'><strong>Augusti</strong></span> <span class='ocrx_word' id='word_1_6' title='bbox 829 146 870 201; x_wconf 90' lang='lat' dir='ltr'><strong>VI</strong></span> <span class='ocrx_word' id='word_1_7' title='bbox 888 149 1000 203; x_wconf 81' lang='lat'><strong>32-36.</strong></span> 
     </span>
    </p>
   </div>
   <div class='ocr_carea' id='block_1_2' title="bbox 82 320 1243 3000">
    <p class='ocr_par' dir='ltr' id='par_1_2' title="bbox 198 320 1243 1213">
     <span class='ocr_line' id='line_1_2' title="bbox 199 320 1240 406; baseline -0.001 -20"><span class='ocrx_word' id='word_1_8' title='bbox 199 321 252 404; x_wconf 91' lang='lat' dir='ltr'><strong>qui</strong></span> <span class='ocrx_word' id='word_1_9' title='bbox 274 322 394 405; x_wconf 82' lang='lat' dir='ltr'>gentile</span> <span class='ocrx_word' id='word_1_10' title='bbox 416 321 584 405; x_wconf 91' lang='lat' dir='ltr'><strong>imperium</strong></span> <span class='ocrx_word' id='word_1_11' title='bbox 607 321 785 406; x_wconf 80' lang='lat' dir='ltr'><strong>obtinebat3</strong></span> <span class='ocrx_word' id='word_1_12' title='bbox 816 326 849 385; x_wconf 92' lang='lat' dir='ltr'><strong>et</strong></span> <span class='ocrx_word' id='word_1_13' title='bbox 879 320 1010 402; x_wconf 90' lang='lat' dir='ltr'><strong>cunctis,</strong></span> <span class='ocrx_word' id='word_1_14' title='bbox 1042 340 1125 403; x_wconf 89' lang='lat' dir='ltr'><strong>quae</strong></span> <span class='ocrx_word' id='word_1_15' title='bbox 1155 320 1240 405; x_wconf 88' lang='lat' dir='ltr'><strong>apud</strong></span> 
     </span>
     <span class='ocr_line' id='line_1_3' title="bbox 198 423 1240 509; baseline -0.001 -18"><span class='ocrx_word' id='word_1_16' title='bbox 198 425 358 492; x_wconf 77' lang='lat' dir='ltr'>Orientem</span> <span class='ocrx_word' id='word_1_17' title='bbox 374 425 578 509; x_wconf 88' lang='lat' dir='ltr'><strong>parabantur,</strong></span> <span class='ocrx_word' id='word_1_18' title='bbox 595 426 629 489; x_wconf 91' lang='lat' dir='ltr'><strong>L.</strong></span> <span class='ocrx_word' id='word_1_19' title='bbox 643 425 804 490; x_wconf 91' lang='lat' dir='ltr'><strong>Vitellium</strong></span> <span class='ocrx_word' id='word_1_20' title='bbox 820 423 982 509; x_wconf 87' lang='lat' dir='ltr'><strong>praefecit.</strong></span> <span class='ocrx_word' id='word_1_21' title='bbox 1007 443 1045 489; x_wconf 95' lang='lat' dir='ltr'><strong>eo</strong></span> <span class='ocrx_word' id='word_1_22' title='bbox 1060 423 1102 489; x_wconf 91' lang='lat' dir='ltr'><strong>de</strong></span> <span class='ocrx_word' id='word_1_23' title='bbox 1113 423 1240 490; x_wconf 89' lang='lat' dir='ltr'><strong>homine</strong></span> 
     </span>
     <span class='ocr_line' id='line_1_4' title="bbox 198 527 1241 613; baseline 0.001 -21"><span class='ocrx_word' id='word_1_24' title='bbox 198 528 284 594; x_wconf 90' lang='lat' dir='ltr'><strong>haud</strong></span> <span class='ocrx_word' id='word_1_25' title='bbox 315 550 383 594; x_wconf 91' lang='lat' dir='ltr'><strong>sum</strong></span> <span class='ocrx_word' id='word_1_26' title='bbox 411 529 541 611; x_wconf 85' lang='lat' dir='ltr'><strong>ignarus</strong></span> <span class='ocrx_word' id='word_1_27' title='bbox 568 528 728 593; x_wconf 80' lang='lat' dir='ltr'><strong>sinistram</strong></span> <span class='ocrx_word' id='word_1_28' title='bbox 757 528 791 593; x_wconf 92' lang='lat' dir='ltr'><strong>in</strong></span> <span class='ocrx_word' id='word_1_29' title='bbox 821 529 900 593; x_wconf 90' lang='lat' dir='ltr'><strong>urhe</strong></span> <span class='ocrx_word' id='word_1_30' title='bbox 929 527 1058 609; x_wconf 89' lang='lat' dir='ltr'><strong>famam,</strong></span> <span class='ocrx_word' id='word_1_31' title='bbox 1090 528 1241 613; x_wconf 73' lang='lat' dir='ltr'>pleraque</span> 
     </span>
     <span class='ocr_line' id='line_1_5' title="bbox 198 630 1241 717; baseline 0 -21"><span class='ocrx_word' id='word_1_32' title='bbox 198 632 294 699; x_wconf 77' lang='lat' dir='ltr'><strong>foeda</strong></span> <span class='ocrx_word' id='word_1_33' title='bbox 316 632 496 715; x_wconf 89' lang='lat' dir='ltr'><strong>memorari;</strong></span> <span class='ocrx_word' id='word_1_34' title='bbox 528 637 667 696; x_wconf 90' lang='lat' dir='ltr'><strong>ceterum</strong></span> <span class='ocrx_word' id='word_1_35' title='bbox 689 630 838 717; x_wconf 84' lang='lat' dir='ltr'><strong>regendis</strong></span> <span class='ocrx_word' id='word_1_36' title='bbox 859 631 1032 716; x_wconf 85' lang='lat' dir='ltr'><strong>provinciis</strong></span> <span class='ocrx_word' id='word_1_37' title='bbox 1053 632 1163 716; x_wconf 90' lang='lat' dir='ltr'><strong>prisca</strong></span> <span class='ocrx_word' id='word_1_38' title='bbox 1184 631 1241 696; x_wconf 85' lang='lat' dir='ltr'><strong>vir·</strong></span> 
     </span>
     <span class='ocr_line' id='line_1_6' title="bbox 199 735 1240 821; baseline 0 -21"><span class='ocrx_word' id='word_1_39' title='bbox 199 743 265 802; x_wconf 93' lang='lat' dir='ltr'><strong>tute</strong></span> <span class='ocrx_word' id='word_1_40' title='bbox 293 737 375 821; x_wconf 83' lang='lat' dir='ltr'><strong>egit.</strong></span> <span class='ocrx_word' id='word_1_41' title='bbox 420 735 506 800; x_wconf 87' lang='lat' dir='ltr'><strong>unde</strong></span> <span class='ocrx_word' id='word_1_42' title='bbox 537 755 700 819; x_wconf 84' lang='lat' dir='ltr'><strong>regressus</strong></span> <span class='ocrx_word' id='word_1_43' title='bbox 731 741 762 801; x_wconf 95' lang='lat' dir='ltr'><strong>et</strong></span> <span class='ocrx_word' id='word_1_44' title='bbox 792 735 962 801; x_wconf 76' lang='lat' dir='ltr'><strong>formidine</strong></span> <span class='ocrx_word' id='word_1_45' title='bbox 992 735 1053 801; x_wconf 78' lang='lat' dir='ltr'><strong>Gai</strong></span> <span class='ocrx_word' id='word_1_46' title='bbox 1084 735 1240 816; x_wconf 83' lang='lat' dir='ltr'><strong>Caesaris,</strong></span> 
     </span>
     <span class='ocr_line' id='line_1_7' title="bbox 199 838 1243 923; baseline -0.001 -20"><span class='ocrx_word' id='word_1_47' title='bbox 199 840 414 904; x_wconf 78' lang='lat' dir='ltr'><strong>familiaritate</strong></span> <span class='ocrx_word' id='word_1_48' title='bbox 430 838 554 905; x_wconf 80' lang='lat' dir='ltr'><strong>Claudii</strong></span> <span class='ocrx_word' id='word_1_49' title='bbox 570 845 661 923; x_wconf 90' lang='lat' dir='ltr'><strong>turpe</strong></span> <span class='ocrx_word' id='word_1_50' title='bbox 684 838 718 902; x_wconf 94' lang='lat' dir='ltr'><strong>in</strong></span> <span class='ocrx_word' id='word_1_51' title='bbox 742 839 905 904; x_wconf 85' lang='lat' dir='ltr'><strong>servitium</strong></span> <span class='ocrx_word' id='word_1_52' title='bbox 920 844 1060 904; x_wconf 90' lang='lat' dir='ltr'><strong>mutatus</strong></span> <span class='ocrx_word' id='word_1_53' title='bbox 1077 839 1243 923; x_wconf 86' lang='lat' dir='ltr'><strong>exemplar</strong></span> 
     </span>
     <span class='ocr_line' id='line_1_8' title="bbox 199 941 1241 1027; baseline -0.001 -20"><span class='ocrx_word' id='word_1_54' title='bbox 199 942 285 1027; x_wconf 89' lang='lat' dir='ltr'><strong>apud</strong></span> <span class='ocrx_word' id='word_1_55' title='bbox 306 948 449 1026; x_wconf 91' lang='lat' dir='ltr'><strong>posteros</strong></span> <span class='ocrx_word' id='word_1_56' title='bbox 470 941 637 1007; x_wconf 90' lang='lat' dir='ltr'><strong>adulatorii</strong></span> <span class='ocrx_word' id='word_1_57' title='bbox 660 941 824 1007; x_wconf 81' lang='lat' dir='ltr'><strong>dedecoris</strong></span> <span class='ocrx_word' id='word_1_58' title='bbox 846 941 991 1025; x_wconf 90' lang='lat' dir='ltr'><strong>habetur,</strong></span> <span class='ocrx_word' id='word_1_59' title='bbox 1015 949 1241 1024; x_wconf 83' lang='lat' dir='ltr'><strong>cesseruntque</strong></span> 
     </span>
     <span class='ocr_line' id='line_1_9' title="bbox 199 1044 1243 1131; baseline 0.003 -22"><span class='ocrx_word' id='word_1_60' title='bbox 199 1047 302 1131; x_wconf 89' lang='lat' dir='ltr'><strong>prima</strong></span> <span class='ocrx_word' id='word_1_61' title='bbox 331 1046 507 1129; x_wconf 82' lang='lat' dir='ltr'><strong>postremis,</strong></span> <span class='ocrx_word' id='word_1_62' title='bbox 544 1052 575 1110; x_wconf 91' lang='lat' dir='ltr'><strong>et</strong></span> <span class='ocrx_word' id='word_1_63' title='bbox 609 1046 694 1109; x_wconf 93' lang='lat' dir='ltr'><strong>bona</strong></span> <span class='ocrx_word' id='word_1_64' title='bbox 723 1044 875 1111; x_wconf 88' lang='lat' dir='ltr'><strong>iuventae</strong></span> <span class='ocrx_word' id='word_1_65' title='bbox 904 1051 1052 1112; x_wconf 89' lang='lat' dir='ltr'><strong>senectus</strong></span> <span class='ocrx_word' id='word_1_66' title='bbox 1082 1045 1243 1130; x_wconf 87' lang='lat' dir='ltr'><strong>flagitiosa</strong></span> 
     </span>
     <span class='ocr_line' id='line_1_10' title="bbox 200 1149 403 1213; baseline 0.005 -1"><span class='ocrx_word' id='word_1_67' title='bbox 200 1149 403 1213; x_wconf 85' lang='lat' dir='ltr'><strong>oblitteravit.</strong></span> 
     </span>
    </p>

    <p class='ocr_par' dir='ltr' id='par_1_3' title="bbox 197 1252 1243 2876">
     <span class='ocr_line' id='line_1_11' title="bbox 287 1252 1241 1337; baseline 0.002 -21"><span class='ocrx_word' id='word_1_68' title='bbox 287 1253 337 1316; x_wconf 84' lang='lat'><strong>33.</strong></span> <span class='ocrx_word' id='word_1_69' title='bbox 362 1254 405 1317; x_wconf 86' lang='lat' dir='ltr'><strong>At</strong></span> <span class='ocrx_word' id='word_1_70' title='bbox 435 1272 475 1316; x_wconf 83' lang='lat' dir='ltr'><strong>ex</strong></span> <span class='ocrx_word' id='word_1_71' title='bbox 506 1253 623 1337; x_wconf 84' lang='lat' dir='ltr'><strong>regulis</strong></span> <span class='ocrx_word' id='word_1_72' title='bbox 653 1252 738 1336; x_wconf 91' lang='lat' dir='ltr'><strong>prior</strong></span> <span class='ocrx_word' id='word_1_73' title='bbox 767 1252 968 1319; x_wconf 88' lang='lat' dir='ltr'><strong>Mithridates</strong></span> <span class='ocrx_word' id='word_1_74' title='bbox 990 1253 1241 1319; x_wconf 86' lang='lat' dir='ltr'><strong>Pharasmanem</strong></span> 
     </span>
     <span class='ocr_line' id='line_1_12' title="bbox 199 1355 1242 1442; baseline -0.001 -21"><span class='ocrx_word' id='word_1_75' title='bbox 199 1357 335 1442; x_wconf 87' lang='lat' dir='ltr'><strong>perpulit</strong></span> <span class='ocrx_word' id='word_1_76' title='bbox 358 1355 429 1422; x_wconf 93' lang='lat' dir='ltr'><strong>dolo</strong></span> <span class='ocrx_word' id='word_1_77' title='bbox 453 1363 485 1420; x_wconf 93' lang='lat' dir='ltr'><strong>et</strong></span> <span class='ocrx_word' id='word_1_78' title='bbox 507 1357 539 1420; x_wconf 93' lang='lat' dir='ltr'><strong>vi</strong></span> <span class='ocrx_word' id='word_1_79' title='bbox 563 1363 694 1420; x_wconf 92' lang='lat' dir='ltr'><strong>conatus</strong></span> <span class='ocrx_word' id='word_1_80' title='bbox 722 1377 795 1421; x_wconf 90' lang='lat' dir='ltr'><strong>suos</strong></span> <span class='ocrx_word' id='word_1_81' title='bbox 817 1357 936 1436; x_wconf 91' lang='lat' dir='ltr'><strong>iuvare,</strong></span> <span class='ocrx_word' id='word_1_82' title='bbox 966 1357 1148 1440; x_wconf 88' lang='lat' dir='ltr'><strong>repertique</strong></span> <span class='ocrx_word' id='word_1_83' title='bbox 1179 1377 1242 1423; x_wconf 83' lang='lat' dir='ltr'><strong>eor·</strong></span> 
     </span>
     <span class='ocr_line' id='line_1_13' title="bbox 199 1458 1241 1545; baseline -0.002 -20"><span class='ocrx_word' id='word_1_84' title='bbox 199 1468 343 1545; x_wconf 91' lang='lat' dir='ltr'><strong>ruptores</strong></span> <span class='ocrx_word' id='word_1_85' title='bbox 365 1460 524 1524; x_wconf 90' lang='lat' dir='ltr'><strong>ministros</strong></span> <span class='ocrx_word' id='word_1_86' title='bbox 547 1460 675 1524; x_wconf 83' lang='lat' dir='ltr'><strong>Arsacis</strong></span> <span class='ocrx_word' id='word_1_87' title='bbox 697 1460 794 1524; x_wconf 93' lang='lat' dir='ltr'><strong>multo</strong></span> <span class='ocrx_word' id='word_1_88' title='bbox 817 1480 894 1524; x_wconf 89' lang='lat' dir='ltr'><strong>auro</strong></span> <span class='ocrx_word' id='word_1_89' title='bbox 916 1458 959 1524; x_wconf 90' lang='lat' dir='ltr'><strong>ad</strong></span> <span class='ocrx_word' id='word_1_90' title='bbox 982 1460 1085 1526; x_wconf 88' lang='lat' dir='ltr'><strong>scelus</strong></span> <span class='ocrx_word' id='word_1_91' title='bbox 1108 1466 1241 1544; x_wconf 73' lang='lat' dir='ltr'><strong>cogunt,</strong></span> 
     </span>
     <span class='ocr_line' id='line_1_14' title="bbox 200 1562 1243 1648; baseline 0.001 -19"><span class='ocrx_word' id='word_1_92' title='bbox 200 1565 291 1630; x_wconf 92' lang='lat' dir='ltr'><strong>simul</strong></span> <span class='ocrx_word' id='word_1_93' title='bbox 314 1564 425 1628; x_wconf 92' lang='lat' dir='ltr'><strong>Hiberi</strong></span> <span class='ocrx_word' id='word_1_94' title='bbox 449 1562 573 1647; x_wconf 77' lang='lat' dir='ltr'><strong>magnis</strong></span> <span class='ocrx_word' id='word_1_95' title='bbox 597 1564 695 1647; x_wconf 92' lang='lat' dir='ltr'><strong>copiis</strong></span> <span class='ocrx_word' id='word_1_96' title='bbox 709 1564 894 1629; x_wconf 80' lang='lat' dir='ltr'><strong>Armeniam</strong></span> <span class='ocrx_word' id='word_1_97' title='bbox 914 1564 1099 1648; x_wconf 89' lang='lat' dir='ltr'><strong>inrumpunt</strong></span> <span class='ocrx_word' id='word_1_98' title='bbox 1115 1570 1148 1629; x_wconf 94' lang='lat' dir='ltr'><strong>et</strong></span> <span class='ocrx_word' id='word_1_99' title='bbox 1162 1564 1243 1630; x_wconf 86' lang='lat' dir='ltr'><strong>urbe</strong></span> 
     </span>
     <span class='ocr_line' id='line_1_15' title="bbox 198 1667 1241 1751; baseline -0.003 -18"><span class='ocrx_word' id='word_1_100' title='bbox 198 1670 355 1733; x_wconf 84' lang='lat' dir='ltr'><strong>Artaxata</strong></span> <span class='ocrx_word' id='word_1_101' title='bbox 384 1667 554 1751; x_wconf 90' lang='lat' dir='ltr'><strong>potiuntur.</strong></span> <span class='ocrx_word' id='word_1_102' title='bbox 601 1687 683 1749; x_wconf 92' lang='lat' dir='ltr'><strong>quae</strong></span> <span class='ocrx_word' id='word_1_103' title='bbox 712 1673 882 1751; x_wconf 91' lang='lat' dir='ltr'><strong>postquam</strong></span> <span class='ocrx_word' id='word_1_104' title='bbox 904 1667 1068 1732; x_wconf 86' lang='lat' dir='ltr'><strong>Artabano</strong></span> <span class='ocrx_word' id='word_1_105' title='bbox 1100 1668 1241 1751; x_wconf 83' lang='lat' dir='ltr'><strong>cognita,</strong></span> 
     </span>
     <span class='ocr_line' id='line_1_16' title="bbox 199 1770 1241 1856; baseline -0.001 -19"><span class='ocrx_word' id='word_1_106' title='bbox 199 1773 297 1837; x_wconf 89' lang='lat' dir='ltr'><strong>filium</strong></span> <span class='ocrx_word' id='word_1_107' title='bbox 331 1770 470 1837; x_wconf 89' lang='lat' dir='ltr'><strong>Orodem</strong></span> <span class='ocrx_word' id='word_1_108' title='bbox 504 1771 637 1835; x_wconf 91' lang='lat' dir='ltr'><strong>ultorem</strong></span> <span class='ocrx_word' id='word_1_109' title='bbox 670 1778 775 1856; x_wconf 73' lang='lat' dir='ltr'><strong>parat,</strong></span> <span class='ocrx_word' id='word_1_110' title='bbox 810 1771 865 1836; x_wconf 91' lang='lat' dir='ltr'><strong>dat</strong></span> <span class='ocrx_word' id='word_1_111' title='bbox 898 1771 1086 1836; x_wconf 90' lang='lat' dir='ltr'><strong>Parthorum</strong></span> <span class='ocrx_word' id='word_1_112' title='bbox 1121 1772 1241 1855; x_wconf 89' lang='lat' dir='ltr'><strong>copias,</strong></span> 
     </span>
     <span class='ocr_line' id='line_1_17' title="bbox 199 1874 1243 1958; baseline -0.001 -18"><span class='ocrx_word' id='word_1_113' title='bbox 199 1876 294 1940; x_wconf 94' lang='lat' dir='ltr'><strong>mittit</strong></span> <span class='ocrx_word' id='word_1_114' title='bbox 317 1874 370 1958; x_wconf 91' lang='lat' dir='ltr'><strong>qui</strong></span> <span class='ocrx_word' id='word_1_115' title='bbox 393 1875 514 1939; x_wconf 85' lang='lat' dir='ltr'><strong>auxilia</strong></span> <span class='ocrx_word' id='word_1_116' title='bbox 534 1874 680 1940; x_wconf 80' lang='lat' dir='ltr'><strong>mercede</strong></span> <span class='ocrx_word' id='word_1_117' title='bbox 701 1874 856 1940; x_wconf 89' lang='lat' dir='ltr'><strong>facerent:</strong></span> <span class='ocrx_word' id='word_1_118' title='bbox 880 1882 991 1941; x_wconf 88' lang='lat' dir='ltr'><strong>contra</strong></span> <span class='ocrx_word' id='word_1_119' title='bbox 1005 1875 1243 1940; x_wconf 88' lang='lat' dir='ltr'><strong>Pharasmanes</strong></span> 
     </span>
     <span class='ocr_line' id='line_1_18' title="bbox 198 1978 1242 2063; baseline -0.001 -19"><span class='ocrx_word' id='word_1_120' title='bbox 198 1981 372 2063; x_wconf 82' lang='lat' dir='ltr'><strong>adiungere</strong></span> <span class='ocrx_word' id='word_1_121' title='bbox 395 1979 546 2059; x_wconf 87' lang='lat' dir='ltr'><strong>Albanos,</strong></span> <span class='ocrx_word' id='word_1_122' title='bbox 576 1979 679 2043; x_wconf 91' lang='lat' dir='ltr'><strong>accire</strong></span> <span class='ocrx_word' id='word_1_123' title='bbox 710 1979 881 2061; x_wconf 87' lang='lat' dir='ltr'><strong>Sarmatas,</strong></span> <span class='ocrx_word' id='word_1_124' title='bbox 914 1999 1045 2062; x_wconf 87' lang='lat' dir='ltr'><strong>quorum</strong></span> <span class='ocrx_word' id='word_1_125' title='bbox 1076 1978 1242 2063; x_wconf 91' lang='lat' dir='ltr'><strong>sceptuchi</strong></span> 
     </span>
     <span class='ocr_line' id='line_1_19' title="bbox 198 2083 1240 2168; baseline 0 -21"><span class='ocrx_word' id='word_1_126' title='bbox 198 2085 356 2165; x_wconf 89' lang='lat' dir='ltr'><strong>utrimque</strong></span> <span class='ocrx_word' id='word_1_127' title='bbox 386 2083 477 2148; x_wconf 88' lang='lat' dir='ltr'><strong>donis</strong></span> <span class='ocrx_word' id='word_1_128' title='bbox 506 2084 646 2167; x_wconf 86' lang='lat' dir='ltr'><strong>acceptis</strong></span> <span class='ocrx_word' id='word_1_129' title='bbox 675 2103 763 2148; x_wconf 90' lang='lat' dir='ltr'><strong>more</strong></span> <span class='ocrx_word' id='word_1_130' title='bbox 792 2084 919 2168; x_wconf 83' lang='lat' dir='ltr'><strong>gentico</strong></span> <span class='ocrx_word' id='word_1_131' title='bbox 947 2083 1075 2148; x_wconf 89' lang='lat' dir='ltr'><strong>diversa</strong></span> <span class='ocrx_word' id='word_1_132' title='bbox 1096 2083 1240 2148; x_wconf 90' lang='lat' dir='ltr'><strong>induere.</strong></span> 
     </span>
     <span class='ocr_line' id='line_1_20' title="bbox 199 2186 1242 2272; baseline 0.001 -21"><span class='ocrx_word' id='word_1_133' title='bbox 199 2186 255 2251; x_wconf 89' lang='lat' dir='ltr'><strong>sed</strong></span> <span class='ocrx_word' id='word_1_134' title='bbox 285 2187 396 2250; x_wconf 91' lang='lat' dir='ltr'><strong>Hiberi</strong></span> <span class='ocrx_word' id='word_1_135' title='bbox 425 2186 563 2251; x_wconf 87' lang='lat' dir='ltr'><strong>locorum</strong></span> <span class='ocrx_word' id='word_1_136' title='bbox 593 2193 740 2271; x_wconf 90' lang='lat' dir='ltr'><strong>potentes</strong></span> <span class='ocrx_word' id='word_1_137' title='bbox 771 2188 887 2272; x_wconf 84' lang='lat' dir='ltr'><strong>Caspia</strong></span> <span class='ocrx_word' id='word_1_138' title='bbox 913 2187 967 2251; x_wconf 85' lang='lat' dir='ltr'><strong>via</strong></span> <span class='ocrx_word' id='word_1_139' title='bbox 996 2188 1176 2253; x_wconf 84' lang='lat' dir='ltr'><strong>Sarmatam</strong></span> <span class='ocrx_word' id='word_1_140' title='bbox 1207 2188 1242 2252; x_wconf 93' lang='lat' dir='ltr'><strong>in</strong></span> 
     </span>
     <span class='ocr_line' id='line_1_21' title="bbox 198 2291 1241 2375; baseline 0.001 -21"><span class='ocrx_word' id='word_1_141' title='bbox 198 2291 366 2355; x_wconf 82' lang='lat' dir='ltr'><strong>Armenios</strong></span> <span class='ocrx_word' id='word_1_142' title='bbox 388 2291 502 2375; x_wconf 90' lang='lat' dir='ltr'><strong>raptim</strong></span> <span class='ocrx_word' id='word_1_143' title='bbox 526 2291 701 2356; x_wconf 84' lang='lat' dir='ltr'><strong>effundunt.</strong></span> <span class='ocrx_word' id='word_1_144' title='bbox 730 2298 764 2356; x_wconf 91' lang='lat' dir='ltr'><strong>at</strong></span> <span class='ocrx_word' id='word_1_145' title='bbox 786 2292 840 2374; x_wconf 92' lang='lat' dir='ltr'><strong>qui</strong></span> <span class='ocrx_word' id='word_1_146' title='bbox 862 2291 987 2356; x_wconf 92' lang='lat' dir='ltr'><strong>Parthis</strong></span> <span class='ocrx_word' id='word_1_147' title='bbox 1009 2291 1241 2373; x_wconf 86' lang='lat' dir='ltr'><strong>adventabant,</strong></span> 
     </span>
     <span class='ocr_line' id='line_1_22' title="bbox 198 2395 1241 2478; baseline 0.002 -20"><span class='ocrx_word' id='word_1_148' title='bbox 198 2395 292 2460; x_wconf 87' lang='lat' dir='ltr'><strong>facile</strong></span> <span class='ocrx_word' id='word_1_149' title='bbox 321 2395 521 2475; x_wconf 90' lang='lat' dir='ltr'><strong>arcebantur,</strong></span> <span class='ocrx_word' id='word_1_150' title='bbox 552 2416 623 2460; x_wconf 90' lang='lat' dir='ltr'><strong>cum</strong></span> <span class='ocrx_word' id='word_1_151' title='bbox 653 2396 732 2461; x_wconf 88' lang='lat' dir='ltr'><strong>alios</strong></span> <span class='ocrx_word' id='word_1_152' title='bbox 761 2397 904 2462; x_wconf 90' lang='lat' dir='ltr'><strong>incessus</strong></span> <span class='ocrx_word' id='word_1_153' title='bbox 934 2395 1033 2461; x_wconf 91' lang='lat' dir='ltr'><strong>hostis</strong></span> <span class='ocrx_word' id='word_1_154' title='bbox 1063 2396 1241 2478; x_wconf 86' lang='lat' dir='ltr'><strong>clausisset,</strong></span> 
     </span>
     <span class='ocr_line' id='line_1_23' title="bbox 198 2500 1243 2582; baseline 0.002 -17"><span class='ocrx_word' id='word_1_155' title='bbox 198 2521 296 2565; x_wconf 90' lang='lat' dir='ltr'><strong>unum</strong></span> <span class='ocrx_word' id='word_1_156' title='bbox 311 2500 466 2582; x_wconf 89' lang='lat' dir='ltr'><strong>reliquum</strong></span> <span class='ocrx_word' id='word_1_157' title='bbox 480 2520 567 2564; x_wconf 88' lang='lat' dir='ltr'><strong>mare</strong></span> <span class='ocrx_word' id='word_1_158' title='bbox 583 2501 666 2565; x_wconf 91' lang='lat' dir='ltr'><strong>inter</strong></span> <span class='ocrx_word' id='word_1_159' title='bbox 681 2507 713 2564; x_wconf 91' lang='lat' dir='ltr'><strong>et</strong></span> <span class='ocrx_word' id='word_1_160' title='bbox 729 2506 887 2566; x_wconf 84' lang='lat' dir='ltr'><strong>extremos</strong></span> <span class='ocrx_word' id='word_1_161' title='bbox 902 2501 1099 2566; x_wconf 87' lang='lat' dir='ltr'><strong>Albanorum</strong></span> <span class='ocrx_word' id='word_1_162' title='bbox 1114 2507 1243 2567; x_wconf 91' lang='lat' dir='ltr'><strong>montes</strong></span> 
     </span>
     <span class='ocr_line' id='line_1_24' title="bbox 198 2602 1240 2690; baseline -0.003 -20"><span class='ocrx_word' id='word_1_163' title='bbox 198 2613 303 2670; x_wconf 88' lang='lat' dir='ltr'><strong>aestas</strong></span> <span class='ocrx_word' id='word_1_164' title='bbox 325 2603 503 2689; x_wconf 89' lang='lat' dir='ltr'><strong>impediret,</strong></span> <span class='ocrx_word' id='word_1_165' title='bbox 527 2604 602 2686; x_wconf 89' lang='lat' dir='ltr'><strong>quia</strong></span> <span class='ocrx_word' id='word_1_166' title='bbox 623 2602 752 2670; x_wconf 87' lang='lat' dir='ltr'><strong>flatibus</strong></span> <span class='ocrx_word' id='word_1_167' title='bbox 768 2605 937 2670; x_wconf 90' lang='lat' dir='ltr'><strong>etesiarum</strong></span> <span class='ocrx_word' id='word_1_168' title='bbox 952 2604 1125 2688; x_wconf 92' lang='lat' dir='ltr'><strong>implentur</strong></span> <span class='ocrx_word' id='word_1_169' title='bbox 1139 2602 1240 2690; x_wconf 87' lang='lat' dir='ltr'><strong>vada;</strong></span> 
     </span>
     <span class='ocr_line' id='line_1_25' title="bbox 197 2706 1240 2793; baseline 0.002 -22"><span class='ocrx_word' id='word_1_170' title='bbox 197 2707 350 2773; x_wconf 92' lang='lat' dir='ltr'><strong>hibernus</strong></span> <span class='ocrx_word' id='word_1_171' title='bbox 371 2715 478 2773; x_wconf 90' lang='lat' dir='ltr'><strong>auster</strong></span> <span class='ocrx_word' id='word_1_172' title='bbox 499 2707 633 2771; x_wconf 84' lang='lat' dir='ltr'><strong>revolvit</strong></span> <span class='ocrx_word' id='word_1_173' title='bbox 656 2707 779 2789; x_wconf 87' lang='lat' dir='ltr'><strong>fluctus,</strong></span> <span class='ocrx_word' id='word_1_174' title='bbox 803 2709 956 2793; x_wconf 90' lang='lat' dir='ltr'><strong>pulsoque</strong></span> <span class='ocrx_word' id='word_1_175' title='bbox 978 2708 1133 2774; x_wconf 89' lang='lat' dir='ltr'><strong>introrsus</strong></span> <span class='ocrx_word' id='word_1_176' title='bbox 1156 2706 1240 2773; x_wconf 87' lang='lat' dir='ltr'><strong>freto</strong></span> 
     </span>
     <span class='ocr_line' id='line_1_26' title="bbox 198 2810 649 2876; baseline -0.007 0"><span class='ocrx_word' id='word_1_177' title='bbox 198 2812 309 2876; x_wconf 89' lang='lat' dir='ltr'><strong>brevia</strong></span> <span class='ocrx_word' id='word_1_178' title='bbox 331 2812 457 2875; x_wconf 91' lang='lat' dir='ltr'><strong>litorum</strong></span> <span class='ocrx_word' id='word_1_179' title='bbox 480 2810 649 2875; x_wconf 91' lang='lat' dir='ltr'><strong>nudantur.</strong></span> 
     </span>
    </p>

    <p class='ocr_par' dir='ltr' id='par_1_4' title="bbox 82 2905 1241 3000">
     <span class='ocr_line' id='line_1_27' title="bbox 82 2905 1241 3000; baseline 0.002 -23"><span class='ocrx_word' id='word_1_180' title='bbox 82 2905 123 2952; x_wconf 56' lang='lat'><strong>2¹²</strong></span> <span class='ocrx_word' id='word_1_181' title='bbox 287 2916 337 2979; x_wconf 82' lang='lat'><strong>34.</strong></span> <span class='ocrx_word' id='word_1_182' title='bbox 361 2914 491 2979; x_wconf 87' lang='lat' dir='ltr'><strong>Interim</strong></span> <span class='ocrx_word' id='word_1_183' title='bbox 508 2914 634 2980; x_wconf 90' lang='lat' dir='ltr'><strong>Oroden</strong></span> <span class='ocrx_word' id='word_1_184' title='bbox 658 2916 813 2981; x_wconf 89' lang='lat' dir='ltr'><strong>sociorum</strong></span> <span class='ocrx_word' id='word_1_185' title='bbox 835 2917 962 3000; x_wconf 91' lang='lat' dir='ltr'><strong>inopem</strong></span> <span class='ocrx_word' id='word_1_186' title='bbox 985 2921 1096 2980; x_wconf 88' lang='lat' dir='ltr'><strong>auctus</strong></span> <span class='ocrx_word' id='word_1_187' title='bbox 1118 2914 1241 2979; x_wconf 86' lang='lat' dir='ltr'><strong>anxilio</strong></span> 
     </span>
    </p>
   </div>
   <div class='ocr_carea' id='block_1_3' title="bbox 25 2977 1239 3103">
    <p class='ocr_par' dir='ltr' id='par_1_5' title="bbox 25 2977 1239 3103">
     <span class='ocr_line' id='line_1_28' title="bbox 25 2977 1239 3103; baseline 0.002 -21"><span class='ocrx_word' id='word_1_188' title='bbox 25 2977 179 3094; x_wconf 51' lang='grc' dir='ltr'><strong>Μζῖωω</strong></span> <span class='ocrx_word' id='word_1_189' title='bbox 198 3017 430 3082; x_wconf 88' lang='lat' dir='ltr'><strong>Pharasmanes</strong></span> <span class='ocrx_word' id='word_1_190' title='bbox 446 3037 560 3083; x_wconf 88' lang='lat' dir='ltr'><strong>vocare</strong></span> <span class='ocrx_word' id='word_1_191' title='bbox 575 3018 618 3082; x_wconf 93' lang='lat' dir='ltr'><strong>ad</strong></span> <span class='ocrx_word' id='word_1_192' title='bbox 629 3039 770 3103; x_wconf 84' lang='lat' dir='ltr'><strong>pugnam</strong></span> <span class='ocrx_word' id='word_1_193' title='bbox 783 3026 814 3083; x_wconf 90' lang='lat' dir='ltr'><strong>et</strong></span> <span class='ocrx_word' id='word_1_194' title='bbox 825 3018 1055 3084; x_wconf 90' lang='lat' dir='ltr'><strong>detrectantem</strong></span> <span class='ocrx_word' id='word_1_195' title='bbox 1066 3018 1239 3099; x_wconf 86' lang='lat' dir='ltr'><strong>incessere,</strong></span> 
     </span>
    </p>
   </div>
   <div class='ocr_carea' id='block_1_4' title="bbox 42 3117 1241 3725">
    <p class='ocr_par' dir='ltr' id='par_1_6' title="bbox 42 3117 1241 3725">
     <span class='ocr_line' id='line_1_29' title="bbox 42 3117 1241 3206; baseline -0.001 -20"><span class='ocrx_word' id='word_1_196' title='bbox 42 3117 160 3163; x_wconf 56' lang='lat' dir='ltr'><strong>²¹²¹¹¹²¹¹¹³i</strong></span> <span class='ocrx_word' id='word_1_197' title='bbox 197 3121 383 3203; x_wconf 89' lang='lat' dir='ltr'><strong>adequitare</strong></span> <span class='ocrx_word' id='word_1_198' title='bbox 406 3122 528 3202; x_wconf 82' lang='lat' dir='ltr'><strong>castris,</strong></span> <span class='ocrx_word' id='word_1_199' title='bbox 552 3121 713 3187; x_wconf 89' lang='lat' dir='ltr'><strong>infensare</strong></span> <span class='ocrx_word' id='word_1_200' title='bbox 735 3123 866 3206; x_wconf 90' lang='lat' dir='ltr'><strong>pabula;</strong></span> <span class='ocrx_word' id='word_1_201' title='bbox 889 3142 928 3187; x_wconf 90' lang='lat' dir='ltr'><strong>ac</strong></span> <span class='ocrx_word' id='word_1_202' title='bbox 948 3141 1044 3205; x_wconf 90' lang='lat' dir='ltr'><strong>saepe</strong></span> <span class='ocrx_word' id='word_1_203' title='bbox 1058 3121 1092 3186; x_wconf 95' lang='lat' dir='ltr'><strong>in</strong></span> <span class='ocrx_word' id='word_1_204' title='bbox 1108 3120 1241 3186; x_wconf 92' lang='lat' dir='ltr'><strong>modum</strong></span> 
     </span>
     <span class='ocr_line' id='line_1_30' title="bbox 197 3223 1240 3308; baseline -0.001 -18"><span class='ocrx_word' id='word_1_205' title='bbox 197 3223 312 3291; x_wconf 90' lang='lat' dir='ltr'><strong>obsidii</strong></span> <span class='ocrx_word' id='word_1_206' title='bbox 336 3224 524 3290; x_wconf 87' lang='lat' dir='ltr'><strong>stationibus</strong></span> <span class='ocrx_word' id='word_1_207' title='bbox 547 3225 706 3308; x_wconf 85' lang='lat' dir='ltr'><strong>cingebat,</strong></span> <span class='ocrx_word' id='word_1_208' title='bbox 729 3224 830 3290; x_wconf 91' lang='lat' dir='ltr'><strong>donec</strong></span> <span class='ocrx_word' id='word_1_209' title='bbox 844 3223 954 3288; x_wconf 84' lang='lat' dir='ltr'><strong>Parthi</strong></span> <span class='ocrx_word' id='word_1_210' title='bbox 976 3224 1240 3290; x_wconf 90' lang='lat' dir='ltr'><strong>contumeliarum</strong></span> 
     </span>
     <span class='ocr_line' id='line_1_31' title="bbox 197 3327 1239 3412; baseline 0.001 -20"><span class='ocrx_word' id='word_1_211' title='bbox 197 3329 370 3394; x_wconf 89' lang='lat' dir='ltr'><strong>insolentes</strong></span> <span class='ocrx_word' id='word_1_212' title='bbox 393 3328 659 3393; x_wconf 90' lang='lat' dir='ltr'><strong>circumsisterent</strong></span> <span class='ocrx_word' id='word_1_213' title='bbox 681 3349 799 3412; x_wconf 85' lang='lat' dir='ltr'><strong>regem,</strong></span> <span class='ocrx_word' id='word_1_214' title='bbox 822 3334 989 3412; x_wconf 87' lang='lat' dir='ltr'><strong>poscerent</strong></span> <span class='ocrx_word' id='word_1_215' title='bbox 1005 3327 1169 3412; x_wconf 92' lang='lat' dir='ltr'><strong>proelium.</strong></span> <span class='ocrx_word' id='word_1_216' title='bbox 1193 3336 1239 3393; x_wconf 86' lang='lat' dir='ltr'><strong>at·</strong></span> 
     </span>
     <span class='ocr_line' id='line_1_32' title="bbox 197 3431 1240 3516; baseline 0 -19"><span class='ocrx_word' id='word_1_217' title='bbox 197 3453 259 3515; x_wconf 88' lang='lat' dir='ltr'><strong>que</strong></span> <span class='ocrx_word' id='word_1_218' title='bbox 281 3433 342 3498; x_wconf 94' lang='lat' dir='ltr'><strong>illis</strong></span> <span class='ocrx_word' id='word_1_219' title='bbox 365 3433 432 3497; x_wconf 90' lang='lat' dir='ltr'><strong>sola</strong></span> <span class='ocrx_word' id='word_1_220' title='bbox 454 3433 487 3497; x_wconf 93' lang='lat' dir='ltr'><strong>in</strong></span> <span class='ocrx_word' id='word_1_221' title='bbox 511 3433 617 3515; x_wconf 90' lang='lat' dir='ltr'><strong>equite</strong></span> <span class='ocrx_word' id='word_1_222' title='bbox 640 3433 702 3497; x_wconf 93' lang='lat' dir='ltr'><strong>vis:</strong></span> <span class='ocrx_word' id='word_1_223' title='bbox 726 3432 959 3498; x_wconf 90' lang='lat' dir='ltr'><strong>Pharasmanes</strong></span> <span class='ocrx_word' id='word_1_224' title='bbox 982 3439 1014 3498; x_wconf 93' lang='lat' dir='ltr'><strong>et</strong></span> <span class='ocrx_word' id='word_1_225' title='bbox 1029 3431 1137 3516; x_wconf 91' lang='lat' dir='ltr'><strong>pedite</strong></span> <span class='ocrx_word' id='word_1_226' title='bbox 1154 3433 1240 3497; x_wconf 85' lang='lat' dir='ltr'><strong>vale·</strong></span> 
     </span>
     <span class='ocr_line' id='line_1_33' title="bbox 196 3536 1239 3618; baseline 0.001 -17"><span class='ocrx_word' id='word_1_227' title='bbox 196 3537 260 3601; x_wconf 89' lang='lat' dir='ltr'><strong>bat.</strong></span> <span class='ocrx_word' id='word_1_228' title='bbox 298 3557 373 3600; x_wconf 89' lang='lat' dir='ltr'><strong>nam</strong></span> <span class='ocrx_word' id='word_1_229' title='bbox 403 3536 514 3601; x_wconf 88' lang='lat' dir='ltr'><strong>Hiberi</strong></span> <span class='ocrx_word' id='word_1_230' title='bbox 544 3536 724 3618; x_wconf 83' lang='lat' dir='ltr'><strong>Albanique</strong></span> <span class='ocrx_word' id='word_1_231' title='bbox 758 3537 914 3603; x_wconf 88' lang='lat' dir='ltr'><strong>saltuosos</strong></span> <span class='ocrx_word' id='word_1_232' title='bbox 944 3538 1029 3602; x_wconf 92' lang='lat' dir='ltr'><strong>locos</strong></span> <span class='ocrx_word' id='word_1_233' title='bbox 1060 3536 1239 3602; x_wconf 89' lang='lat' dir='ltr'><strong>incolentes</strong></span> 
     </span>
     <span class='ocr_line' id='line_1_34' title="bbox 196 3639 1240 3725; baseline 0.003 -21"><span class='ocrx_word' id='word_1_234' title='bbox 196 3639 332 3705; x_wconf 90' lang='lat' dir='ltr'><strong>duritiae</strong></span> <span class='ocrx_word' id='word_1_235' title='bbox 347 3639 583 3723; x_wconf 89' lang='lat' dir='ltr'><strong>patientiaeque</strong></span> <span class='ocrx_word' id='word_1_236' title='bbox 598 3640 700 3724; x_wconf 82' lang='lat' dir='ltr'><strong>magis</strong></span> <span class='ocrx_word' id='word_1_237' title='bbox 715 3640 896 3725; x_wconf 81' lang='lat' dir='ltr'><strong>insuevere3</strong></span> <span class='ocrx_word' id='word_1_238' title='bbox 912 3641 1082 3723; x_wconf 76' lang='lat' dir='ltr'><strong>feruntque</strong></span> <span class='ocrx_word' id='word_1_239' title='bbox 1094 3659 1129 3705; x_wconf 91' lang='lat' dir='ltr'><strong>se</strong></span> <span class='ocrx_word' id='word_1_240' title='bbox 1140 3639 1240 3706; x_wconf 84' lang='lat' dir='ltr'><strong>Thes-</strong></span> 
     </span>
    </p>
   </div>
   <div class='ocr_carea' id='block_1_5' title="bbox 188 3742 1240 3933">
    <p class='ocr_par' dir='ltr' id='par_1_7' title="bbox 188 3742 1240 3933">
     <span class='ocr_line' id='line_1_35' title="bbox 196 3742 1239 3829; baseline 0.001 -21"><span class='ocrx_word' id='word_1_241' title='bbox 196 3742 271 3808; x_wconf 86' lang='lat' dir='ltr'><strong>salis</strong></span> <span class='ocrx_word' id='word_1_242' title='bbox 301 3749 395 3823; x_wconf 90' lang='lat' dir='ltr'><strong>ortos,</strong></span> <span class='ocrx_word' id='word_1_243' title='bbox 426 3763 488 3825; x_wconf 91' lang='lat' dir='ltr'><strong>qua</strong></span> <span class='ocrx_word' id='word_1_244' title='bbox 518 3749 706 3827; x_wconf 91' lang='lat' dir='ltr'><strong>tempestate</strong></span> <span class='ocrx_word' id='word_1_245' title='bbox 728 3746 801 3810; x_wconf 91' lang='lat' dir='ltr'><strong>Iaso</strong></span> <span class='ocrx_word' id='word_1_246' title='bbox 828 3751 900 3829; x_wconf 91' lang='lat' dir='ltr'><strong>post</strong></span> <span class='ocrx_word' id='word_1_247' title='bbox 921 3750 1067 3810; x_wconf 89' lang='lat' dir='ltr'><strong>avectam</strong></span> <span class='ocrx_word' id='word_1_248' title='bbox 1090 3743 1239 3809; x_wconf 89' lang='lat' dir='ltr'><strong>Medeam</strong></span> 
     </span>
     <span class='ocr_line' id='line_1_36' title="bbox 188 3846 1240 3933; baseline 0 -20"><span class='ocrx_word' id='word_1_249' title='bbox 188 3846 384 3933; x_wconf 80' lang='lat' dir='ltr'><strong>genitosque</strong></span> <span class='ocrx_word' id='word_1_250' title='bbox 414 3865 455 3912; x_wconf 84' lang='lat' dir='ltr'><strong>ex</strong></span> <span class='ocrx_word' id='word_1_251' title='bbox 486 3866 525 3913; x_wconf 89' lang='lat' dir='ltr'><strong>ea</strong></span> <span class='ocrx_word' id='word_1_252' title='bbox 553 3847 670 3914; x_wconf 93' lang='lat' dir='ltr'><strong>liberos</strong></span> <span class='ocrx_word' id='word_1_253' title='bbox 700 3848 828 3912; x_wconf 90' lang='lat' dir='ltr'><strong>inanem</strong></span> <span class='ocrx_word' id='word_1_254' title='bbox 858 3868 933 3912; x_wconf 87' lang='lat' dir='ltr'><strong>mox</strong></span> <span class='ocrx_word' id='word_1_255' title='bbox 963 3847 1085 3932; x_wconf 83' lang='lat' dir='ltr'><strong>regiam</strong></span> <span class='ocrx_word' id='word_1_256' title='bbox 1115 3847 1240 3913; x_wconf 89' lang='lat' dir='ltr'><strong>Aeetae</strong></span> 
     </span>
    </p>
   </div>
   <div class='ocr_carea' id='block_1_6' title="bbox 0 0 1384 4214">
    <p class='ocr_par' dir='ltr' id='par_1_8' title="bbox 0 0 1384 4214">
     <span class='ocr_line' id='line_1_37' title="bbox 0 0 1384 4214; baseline 0 0"><span class='ocrx_word' id='word_1_257' title='bbox 0 0 1384 4214; x_wconf 95' lang='lat' dir='ltr'><strong> </strong></span> 
     </span>
    </p>
   </div>
  </div>
 </body>
</html>
