2760 4214
258 144 320 207 112
490 160 539 214 Ab
558 174 675 215 excessu
692 160 725 214 D.
739 159 864 229 Augusti
882 160 926 214 III
946 164 1057 216 53-56.

256 334 444 399 villarumne
471 333 596 398 infinita
622 333 747 418 spatia?
777 333 969 398 familiarum
996 354 1161 400 numerum
1190 343 1221 400 et
1245 357 1298 400 na-

255 438 380 503 tiones?
418 438 542 521 argenti
581 445 612 501 et
646 437 714 501 auri
749 436 896 521 pondus?
937 439 1020 503 aeris
1055 441 1300 522 tabularumque

255 541 428 606 miracula?
458 541 632 625 promiscas
661 541 739 605 viris
768 546 801 604 et
830 540 957 606 feminis
987 548 1094 606 vestes
1123 548 1219 625 atque
1241 544 1301 608 illa

255 644 444 709 feminarum
459 644 597 728 propria,
621 643 691 725 quis
714 643 856 727 lapidum
879 663 976 709 causa
999 645 1154 729 pecuniae
1169 652 1300 712 nostrae

204 797 208 805 .
255 746 296 812 ad
319 753 469 812 externas
491 752 547 811 aut
569 745 691 812 hostilis
713 752 826 830 gentes
849 746 1102 812 transferuntur?

341 851 393 915 54.
417 852 486 915 Nec
508 851 618 934 ignoro
641 850 674 914 in
698 850 852 916 conviviis
876 856 908 915 et
930 850 1054 916 circulis
1076 852 1216 917 incusari
1235 852 1300 917 ista

255 960 287 1019 et
313 954 441 1019 modum
468 953 569 1038 posci;
600 959 649 1018 set
671 954 698 1019 si
721 954 792 1036 quis
814 954 919 1036 legem
942 954 1075 1036 sanciat,
1107 976 1228 1039 poenas
1249 956 1296 1020 in-

254 1057 349 1141 dicat,
384 1057 470 1122 idem
501 1056 546 1120 illi
581 1057 743 1121 civitatem
772 1057 863 1138 verti,
895 1057 1152 1147 splendidissimo
1182 1060 1298 1141 cuique

255 1161 388 1226 exitium
411 1161 527 1245 parari,
551 1161 711 1225 neminem
735 1161 874 1225 criminis
898 1167 1061 1245 expertem
1078 1163 1294 1228 clamitabunt.

253 1265 342 1347 atqui
369 1286 410 1330 ne
438 1265 575 1349 corporis
604 1262 731 1346 quidem
758 1265 884 1329 morbos
906 1271 1031 1330 veteres
1054 1272 1086 1330 et
1108 1265 1163 1330 diu
1186 1272 1299 1331 auctos

253 1370 314 1434 nisi
338 1390 394 1453 per
417 1368 497 1434 dura
519 1375 551 1433 et
572 1388 688 1452 aspera
711 1374 872 1433 coerceas:
897 1375 1060 1452 corruptus
1076 1370 1169 1434 simul
1186 1376 1217 1434 et
1233 1391 1295 1435 cor-

253 1479 370 1557 ruptor,
393 1493 490 1556 aeger
513 1479 544 1536 et
566 1471 706 1555 flagrans
728 1472 853 1536 animus
869 1470 946 1535 haut
960 1471 1131 1538 levioribus
1146 1473 1299 1539 remediis

252 1574 498 1660 restinguendus
514 1582 570 1656 est,
595 1595 690 1657 quam
707 1573 892 1639 libidinibus
907 1574 1053 1640 ardescit.
1078 1583 1123 1641 tot
1138 1597 1158 1641 a
1173 1577 1295 1643 maiori-

252 1679 312 1745 bus
341 1687 486 1763 repertae
515 1679 612 1762 leges,
644 1683 691 1744 tot
717 1698 797 1761 quas
820 1677 913 1743 divus
934 1679 1097 1762 Augustus
1119 1681 1198 1762 tulit,
1222 1681 1298 1746 illae

252 1783 421 1864 oblivione,
450 1782 521 1862 hae,
546 1781 629 1864 quod
651 1781 839 1864 flagitiosius
861 1788 918 1863 est,
951 1788 1134 1867 contemptu
1157 1784 1296 1849 abolitae

253 1887 442 1951 securiorem
471 1885 581 1950 luxum
612 1884 725 1949 fecere.
755 1905 840 1950 ,nam
871 1885 898 1949 si
927 1885 1008 1950 velis
1039 1885 1123 1967 quod
1152 1887 1294 1956 nondum

252 1990 386 2055 vet'tum
416 1995 474 2069 est,
506 1989 618 2052 timeas
649 2008 689 2052 ne
720 1993 842 2073 vetere;
874 1994 908 2051 at
935 1988 962 2054 si
984 1988 1143 2072 prohibita
1165 1989 1298 2074 impune

252 2075 494 2172 transcenderis,
529 2111 632 2173 neque
655 2096 758 2155 metus
781 2091 862 2155 ultra
884 2110 989 2173 neque
1012 2090 1113 2175 pudor
1136 2099 1193 2157 est.
1240 2115 1298 2158 our

253 2215 328 2277 ergo
352 2194 425 2259 olim
447 2193 639 2277 parsimonia
654 2193 816 2276 pollebat?
840 2194 914 2276 quia
929 2193 990 2259 sibi
1004 2195 1138 2277 quisque
1153 2196 1294 2262 modera-

173 2338 176 2344 -
252 2298 354 2379 batur,
386 2298 460 2380 quia
489 2297 583 2362 unius
613 2296 701 2361 urbis
731 2297 818 2361 cives
849 2317 987 2383 eramus3
1018 2319 1060 2363 ne
1090 2299 1297 2365 inritamenta

253 2401 381 2484 quidem
405 2401 517 2466 eadem
539 2402 624 2465 intra
644 2400 770 2464 Italiam
793 2400 1038 2466 dominantibus.
1069 2403 1209 2468 externis
1231 2404 1295 2468 vio-

252 2507 339 2572 toriis
353 2507 469 2588 aliena,
494 2506 640 2571 civilibus
663 2506 758 2570 etiam
781 2511 888 2570 nostra
908 2525 1091 2572 consumere
1115 2506 1290 2574 didicimus.

253 2610 438 2693 quantulum
464 2608 549 2675 istud
578 2615 636 2690 est,
670 2608 795 2691 dequo
820 2606 940 2673 aediles
965 2608 1151 2675 admonent!
1187 2631 1294 2693 quam,

252 2717 279 2781 si
303 2721 408 2780 cetera
429 2715 592 2799 respicias,
620 2714 654 2778 in
676 2714 740 2778 levi
763 2712 958 2777 habendum!
993 2720 1026 2777 at
1049 2713 1177 2780 hercule
1198 2736 1295 2780 nemo

251 2818 357 2899 refert,
381 2817 466 2900 quod
481 2819 574 2882 Italia
597 2824 747 2882 externae
763 2817 832 2901 opis
847 2817 979 2901 indiget,
1004 2817 1088 2899 quod
1103 2818 1170 2883 vita
1184 2818 1294 2902 populi

150 2992 153 2998 ,
251 2922 387 2986 Romani
406 2941 463 3004 per
482 2923 603 2986 incerta
618 2921 714 2985 maris
729 2927 761 2986 et
776 2927 999 3004 tempestatum
1015 2920 1130 2986 cotidie
1145 2922 1292 2986 volvitur.

251 3046 290 3089 ao
320 3025 381 3089 nisi
412 3025 645 3107 provinciarum
673 3024 783 3108 copiae
807 3030 838 3088 et
865 3023 1001 3089 dominis
1032 3030 1064 3088 et
1093 3024 1231 3090 servitiis
1260 3032 1295 3090 et

251 3129 337 3211 agris
360 3129 575 3209 subvenerint,
598 3134 707 3193 nostra
730 3148 787 3192 nos
810 3128 929 3192 scilicet
952 3148 1081 3192 nemora
1101 3134 1293 3211 nostraeque

251 3233 346 3298 villae
369 3233 549 3297 tuebuntur.
578 3232 670 3312 hanc,
693 3238 800 3317 patres
823 3232 1002 3316 conscripti,
1026 3252 1134 3297 curam
1157 3233 1295 3298 sustinet

251 3337 413 3421 princeps;
449 3335 530 3400 haee
563 3337 679 3401 omissa
709 3334 852 3400 funditus
882 3356 949 3400 rem
983 3336 1154 3419 publicam
1177 3336 1289 3401 trahet.

250 3441 379 3522 reliquis
390 3440 473 3503 intra
485 3439 624 3504 animum
637 3437 826 3503 medendum
844 3445 905 3503 est:
929 3459 987 3504 nos
1002 3438 1112 3523 pudor,
1135 3459 1294 3524 pauperes

250 3544 434 3623 necessitas,
466 3542 581 3607 divites
611 3543 708 3608 satias
739 3542 771 3606 in
801 3543 914 3606 melius
944 3549 1053 3608 mutet.
1092 3550 1147 3607 aut
1170 3543 1197 3607 si
1220 3543 1293 3625 quis

251 3668 292 3712 ex
320 3646 557 3730 magistratibus
584 3652 706 3710 tantam
732 3644 920 3710 industriam
942 3666 981 3710 ao
1004 3647 1206 3711 severitatem
1228 3647 1291 3730 pol-

251 3751 371 3831 licetur,
402 3756 437 3813 ut
459 3749 504 3813 ire
527 3750 654 3814 obviam
686 3755 790 3832 queat,
822 3749 907 3813 hunc
929 3769 989 3833 ego
1012 3756 1044 3814 et
1066 3748 1161 3816 laudo
1184 3756 1216 3813 et
1238 3770 1292 3814 ex-

246 3854 372 3919 onerari
387 3853 531 3918 laborum
547 3872 688 3918 meorum
704 3858 827 3938 partem
843 3851 957 3918 fateor:
982 3854 1031 3918 sin
1045 3872 1196 3919 accusare
1211 3852 1294 3918 vitia
