2760 4214
188 183 229 249 38
304 280 307 291 Ι
437 201 486 256 Ab
505 216 620 256 excessu
636 201 670 256 D.
683 201 810 272 Augusti
829 201 843 256 I
860 205 970 260 68-71.

187 375 251 439 Ιιιιιι
277 375 372 440 armis
395 375 565 459 ambirent3
597 381 773 460 promptam
806 376 1084 459 expugnationem,
1116 378 1222 460 plures

187 481 338 564 captivos,
361 479 574 564 incorruptam
588 479 741 565 praedam
761 480 837 546 fore.
869 481 965 564 igitur
981 489 1056 546 ¹orta
1079 480 1130 547 die
1153 503 1223 566 pro-

186 589 280 649 ruunt
302 583 413 665 fossas,
435 584 569 648 iniciunt
592 591 703 665 crates,
727 605 850 650 summa
871 585 945 649 valli
968 592 1128 670 prensant,
1151 606 1223 651 raro

187 706 281 772 super
303 687 400 752 milite
417 693 449 752 et
464 687 555 770 quasi
570 689 609 753 ob
626 693 744 753 metum
759 687 875 753 defixo.
906 695 1073 772 postquam
1088 689 1222 755 haesere

139 821 143 831 ·
187 790 399 872 munimentis,
422 790 516 856 datur
538 790 717 857 cohortibus
733 791 860 876 signum
877 813 1056 881 cornuaque
1071 813 1109 858 ao
1124 795 1222 859 tubae

187 894 382 961 concinuere.
422 896 496 960 exin
520 896 655 961 clamore
678 903 710 960 et
731 897 852 982 impetu
874 897 973 981 tergis
993 897 1222 964 Germanorum

187 998 486 1080 circumfunduntur,
518 1001 747 1084 exprobrantes
774 1021 838 1066 non
861 1001 912 1066 hio
935 1002 1032 1067 silvas
1054 1023 1113 1067 nec
1136 1004 1223 1087 palu-

187 1101 253 1186 des,
277 1101 334 1169 sed
356 1103 466 1186 aequis
488 1104 564 1169 locis
586 1124 705 1186 aequos
728 1104 813 1170 deos.
851 1104 934 1170 hosti
950 1104 1043 1170 facile
1059 1105 1221 1172 excidium

187 1212 219 1271 et
240 1192 357 1291 paucos
379 1227 418 1272 ao
441 1228 611 1273 semermos
638 1209 790 1293 cogitanti
813 1229 909 1274 sonus
931 1211 1087 1290 tubarum,
1118 1209 1223 1293 fulgor

186 1331 351 1393 armorum,
376 1317 493 1394 quanto
508 1312 646 1397 inopina,
664 1319 751 1378 tanto
765 1314 886 1378 maiora
901 1298 1114 1394 offunduntur,
1131 1313 1222 1380 cade-

185 1417 335 1498 bantque,
366 1423 401 1481 ut
429 1418 523 1482 rebus
552 1416 700 1482 secundis
728 1417 825 1499 avidi,
855 1418 899 1482 ita
928 1417 1070 1484 adversis
1092 1419 1221 1484 incauti.

186 1520 346 1585 Arminius
360 1520 493 1604 integer,
517 1521 736 1604 lnguiomerus
750 1528 822 1605 post
837 1542 934 1606 grave
950 1522 1064 1587 vulnus
1080 1542 1221 1606 pugnam

187 1623 368 1690 deseruere:
392 1624 505 1708 vulgus
528 1624 717 1689 trucidatum
740 1632 798 1707 est,
823 1625 923 1691 donec
945 1626 993 1690 ira
1015 1631 1046 1690 et
1069 1625 1137 1690 dies
1153 1647 1221 1710 per-

186 1728 311 1792 mansit.
350 1734 443 1803 nocte
465 1727 594 1792 demum
619 1748 765 1794 reversae
791 1730 942 1812 legiones,
975 1731 1118 1812 quamvis
1150 1730 1223 1814 plus

186 1832 361 1913 vulnerum,
386 1831 497 1897 eadem
520 1833 661 1897 ciborum
684 1839 810 1916 egestas
834 1833 991 1917 fatigaret,
1018 1833 1083 1898 vim
1106 1836 1222 1900 sanita-

187 1941 251 2000 tem
274 1935 391 2020 eopias,
416 1943 528 2001 cuncta
550 1937 583 2000 in
605 1937 737 2002 victoria
758 1936 907 2002 habuere.

33 2036 156 2090 sessura
273 2039 324 2104 69.
348 2040 535 2104 Pervaserat
568 2040 693 2104 interim
724 2041 928 2106 circumventi
951 2042 1108 2107 exercitus
1135 2040 1223 2108 fama

16 2105 166 2228 mdxii,
187 2150 218 2208 et
258 2143 374 2210 infesto
412 2144 639 2209 Germanorum
678 2144 806 2228 agmine
840 2145 960 2210 Gallias
993 2146 1073 2230 peti,
1115 2166 1154 2210 ac
1187 2148 1221 2211 ni

29 2244 155 2362 ”232³
186 2247 364 2333 Agrippina
393 2248 564 2332 inpositum
589 2248 701 2313 Rheno
731 2256 859 2333 pontem
889 2250 977 2316 solvi¹
997 2249 1220 2335 prohibuisset,

187 2359 276 2417 erant
305 2352 359 2435 qui
388 2351 421 2417 id
448 2351 603 2436 flagitium
625 2351 792 2417 formidine
814 2351 976 2418 auderent.
1023 2352 1080 2418 sed
1102 2353 1222 2419 femina

185 2457 299 2542 ingens
322 2456 419 2520 animi
441 2457 549 2520 munia
571 2455 660 2521 ducis
682 2476 738 2540 per
761 2476 814 2521 eos
837 2456 906 2522 dies
921 2446 1034 2538 induit,
1058 2457 1221 2524 militibus-

186 2582 257 2644 que,
288 2567 323 2625 ut
349 2561 419 2642 quis
446 2560 537 2644 inops
567 2567 622 2624 aut
651 2560 785 2641 saueius,
816 2567 938 2626 vestem
960 2568 991 2625 et
1013 2560 1155 2626 fomenta
1177 2561 1221 2626 di·

184 2665 299 2749 largita
329 2671 384 2730 est.
428 2663 524 2729 tradit
554 2664 587 2729 G.
616 2664 746 2745 Plinius,
779 2664 1037 2730 Germanicorum
1066 2666 1221 2731 bellcmm

185 2769 326 2857 scriptor,
350 2768 475 2834 stetisse
490 2767 576 2852 apud
590 2767 778 2852 principium
794 2769 899 2852 pontis
922 2768 1032 2834 laudes
1056 2775 1087 2834 et
1112 2777 1221 2853 grates

184 2872 320 2938 reversis
345 2871 523 2956 legionibus
549 2871 728 2937 habentem.
767 2871 800 2936 id
822 2873 940 2939 Tiberii
963 2874 1104 2938 animum
1126 2873 1222 2940 altius

185 2975 377 3060 penetravit:
408 2995 471 3040 non
495 2976 579 3040 enim
602 2975 761 3060 simplices
784 2997 837 3042 eas
861 2997 962 3059 curas,
986 2997 1045 3042 nee
1067 2976 1221 3044 adversus

186 3087 334 3146 externos
363 3079 495 3145 militem
525 3080 642 3163 quaeri.
688 3079 766 3144 nihil
796 3081 939 3145 relictum
968 3080 1220 3165 imperatoribus,

185 3183 240 3249 ubi
255 3183 374 3249 femina
388 3184 566 3268 manipulos
581 3184 755 3265 intervisat,
780 3185 872 3269 signa
892 3184 996 3266 adeat,
1019 3184 1222 3269 largitionem

185 3293 327 3373 temptet,
358 3294 519 3371 tamquam
542 3309 653 3372 pamm
676 3288 843 3354 ambitiose
865 3288 963 3353 filium
987 3288 1075 3354 ducis
1097 3290 1221 3375 gregali

185 3391 296 3458 habitu
311 3391 510 3458 circumferat
526 3393 756 3476 Caesaremque
770 3393 947 3478 Caligulam
962 3394 1116 3479 appellari
1131 3395 1219 3461 velit.

185 3497 338 3581 potiorem
360 3496 424 3560 iam
446 3495 532 3580 apud
555 3497 712 3561 exercitus
734 3497 944 3582 Agrippinam
968 3519 1063 3581 quam
1085 3497 1218 3581 legatos

186 3621 281 3684 quam
296 3600 406 3686 duccs;
424 3620 625 3685 conpressam
640 3622 660 3665 a
675 3602 805 3667 muliere
821 3601 1018 3683 seditionem,
1039 3602 1088 3666 cui
1104 3622 1220 3668 nomen

185 3705 337 3790 principis
359 3705 512 3771 obsistere
534 3727 598 3771 non
622 3706 765 3788 quiverit.
794 3705 990 3772 accendebat
1012 3706 1093 3772 hacc
1113 3726 1222 3774 onera-

21 3832 85 3976 ἱ
185 3809 302 3893 batque
331 3809 475 3892 Seianus,
506 3809 619 3894 peritia
648 3830 769 3875 morum
791 3810 910 3875 Tiberii
933 3808 1006 3875 odia
1028 3810 1061 3875 in
1078 3811 1222 3895 longum

169 3912 304 3996 iaciens,
330 3934 416 3998 quae
438 3913 628 3984 reconderet
650 3921 807 4000 auctaque
827 3920 993 3999 promeret.
