<?xml version="1.0" encoding="UTF-8"?>
<!DOCTYPE html PUBLIC "-//W3C//DTD XHTML 1.0 Transitional//EN"
    "http://www.w3.org/TR/xhtml1/DTD/xhtml1-transitional.dtd">
<html xmlns="http://www.w3.org/1999/xhtml" xml:lang="en" lang="en">
 <head>
  <title>
</title>
<meta http-equiv="Content-Type" content="text/html;charset=utf-8" />
  <meta name='ocr-system' content='tesseract 3.04.00' />
  <meta name='ocr-capabilities' content='ocr_page ocr_carea ocr_par ocr_line ocrx_word'/>
</head>
<body>
  <div class='ocr_page' id='page_1' title='image "./annalen00tacigoog_0143.png"; bbox 0 0 2760 4214; ppageno 0'>
   <div class='ocr_carea' id='block_1_1' title="bbox 448 147 1147 234">
    <p class='ocr_par' dir='ltr' id='par_1_1' title="bbox 448 147 1147 234">
     <span class='ocr_line' id='line_1_1' title="bbox 448 147 1147 234; baseline -0.013 -16"><span class='ocrx_word' id='word_1_1' title='bbox 448 181 472 218; x_wconf 90' lang='lat' dir='ltr'>a.</span> <span class='ocrx_word' id='word_1_2' title='bbox 485 165 518 220; x_wconf 91' lang='lat' dir='ltr'>U.</span> <span class='ocrx_word' id='word_1_3' title='bbox 532 180 554 218; x_wconf 93' lang='lat' dir='ltr'>c.</span> <span class='ocrx_word' id='word_1_4' title='bbox 569 169 627 221; x_wconf 80' lang='lat'>775.</span> <span class='ocrx_word' id='word_1_5' title='bbox 651 182 678 234; x_wconf 90' lang='lat' dir='ltr'>p.</span> <span class='ocrx_word' id='word_1_6' title='bbox 691 163 754 219; x_wconf 83' lang='lat' dir='ltr'>Chr.</span> <span class='ocrx_word' id='word_1_7' title='bbox 768 167 809 220; x_wconf 80' lang='lat'>22.</span> <span class='ocrx_word' id='word_1_8' title='bbox 1088 147 1147 210; x_wconf 77' lang='grc'>121</span> 
     </span>
    </p>
   </div>
   <div class='ocr_carea' id='block_1_2' title="bbox 23 337 1324 3953">
    <p class='ocr_par' dir='ltr' id='par_1_2' title="bbox 108 337 1151 1461">
     <span class='ocr_line' id='line_1_2' title="bbox 108 337 1150 422; baseline -0.003 -19"><span class='ocrx_word' id='word_1_9' title='bbox 108 337 262 404; x_wconf 86' lang='lat' dir='ltr'>adversus</span> <span class='ocrx_word' id='word_1_10' title='bbox 271 337 416 404; x_wconf 83' lang='lat' dir='ltr'>Servium</span> <span class='ocrx_word' id='word_1_11' title='bbox 424 338 676 422; x_wconf 89' lang='lat' dir='ltr'>Maluginensem</span> <span class='ocrx_word' id='word_1_12' title='bbox 688 337 849 403; x_wconf 88' lang='lat' dir='ltr'>flaminem</span> <span class='ocrx_word' id='word_1_13' title='bbox 859 337 984 402; x_wconf 86' lang='lat' dir='ltr'>Dialem</span> <span class='ocrx_word' id='word_1_14' title='bbox 996 338 1150 421; x_wconf 91' lang='lat' dir='ltr'>prompsit</span> 
     </span>
     <span class='ocr_line' id='line_1_3' title="bbox 112 441 1151 526; baseline -0.003 -18"><span class='ocrx_word' id='word_1_15' title='bbox 112 443 228 508; x_wconf 85' lang='lat' dir='ltr'>Caesar</span> <span class='ocrx_word' id='word_1_16' title='bbox 260 442 468 524; x_wconf 87' lang='lat' dir='ltr'>recitavitque</span> <span class='ocrx_word' id='word_1_17' title='bbox 490 441 651 507; x_wconf 92' lang='lat' dir='ltr'>decretum</span> <span class='ocrx_word' id='word_1_18' title='bbox 674 441 869 526; x_wconf 85' lang='lat' dir='ltr'>pontificum,</span> <span class='ocrx_word' id='word_1_19' title='bbox 900 442 1045 523; x_wconf 92' lang='lat' dir='ltr'>quotiens</span> <span class='ocrx_word' id='word_1_20' title='bbox 1068 442 1151 506; x_wconf 85' lang='lat' dir='ltr'>vale·</span> 
     </span>
     <span class='ocr_line' id='line_1_4' title="bbox 110 544 1150 630; baseline -0.002 -20"><span class='ocrx_word' id='word_1_21' title='bbox 110 545 186 611; x_wconf 92' lang='lat' dir='ltr'>tudo</span> <span class='ocrx_word' id='word_1_22' title='bbox 213 545 349 611; x_wconf 87' lang='lat' dir='ltr'>adversa</span> <span class='ocrx_word' id='word_1_23' title='bbox 376 545 538 611; x_wconf 90' lang='lat' dir='ltr'>flaminem</span> <span class='ocrx_word' id='word_1_24' title='bbox 560 547 685 611; x_wconf 81' lang='lat' dir='ltr'><strong>Dialem</strong></span> <span class='ocrx_word' id='word_1_25' title='bbox 708 546 899 626; x_wconf 81' lang='lat' dir='ltr'>incessisset,</span> <span class='ocrx_word' id='word_1_26' title='bbox 928 552 964 609; x_wconf 90' lang='lat' dir='ltr'>ut</span> <span class='ocrx_word' id='word_1_27' title='bbox 993 544 1150 630; x_wconf 91' lang='lat' dir='ltr'>pontificis</span> 
     </span>
     <span class='ocr_line' id='line_1_5' title="bbox 110 649 1150 735; baseline 0 -22"><span class='ocrx_word' id='word_1_28' title='bbox 110 649 241 714; x_wconf 85' lang='lat' dir='ltr'>maximi</span> <span class='ocrx_word' id='word_1_29' title='bbox 271 650 401 715; x_wconf 90' lang='lat' dir='ltr'>arbitrio</span> <span class='ocrx_word' id='word_1_30' title='bbox 428 651 499 735; x_wconf 92' lang='lat' dir='ltr'>plus</span> <span class='ocrx_word' id='word_1_31' title='bbox 521 671 617 733; x_wconf 89' lang='lat' dir='ltr'>quam</span> <span class='ocrx_word' id='word_1_32' title='bbox 639 650 813 716; x_wconf 81' lang='lat' dir='ltr'>binoctium</span> <span class='ocrx_word' id='word_1_33' title='bbox 836 652 972 731; x_wconf 88' lang='lat' dir='ltr'>abesset,</span> <span class='ocrx_word' id='word_1_34' title='bbox 1004 649 1079 713; x_wconf 93' lang='lat' dir='ltr'>dum</span> <span class='ocrx_word' id='word_1_35' title='bbox 1109 670 1150 713; x_wconf 91' lang='lat' dir='ltr'>ne</span> 
     </span>
     <span class='ocr_line' id='line_1_6' title="bbox 111 751 1150 838; baseline -0.001 -22"><span class='ocrx_word' id='word_1_36' title='bbox 111 752 224 819; x_wconf 91' lang='lat' dir='ltr'>diebus</span> <span class='ocrx_word' id='word_1_37' title='bbox 253 754 373 837; x_wconf 87' lang='lat' dir='ltr'>publici</span> <span class='ocrx_word' id='word_1_38' title='bbox 403 753 550 819; x_wconf 87' lang='lat' dir='ltr'>sacrificii</span> <span class='ocrx_word' id='word_1_39' title='bbox 580 773 643 818; x_wconf 90' lang='lat' dir='ltr'>neu</span> <span class='ocrx_word' id='word_1_40' title='bbox 670 755 799 838; x_wconf 89' lang='lat' dir='ltr'>saepius</span> <span class='ocrx_word' id='word_1_41' title='bbox 822 775 917 837; x_wconf 92' lang='lat' dir='ltr'>quam</span> <span class='ocrx_word' id='word_1_42' title='bbox 940 754 990 819; x_wconf 91' lang='lat' dir='ltr'>bis</span> <span class='ocrx_word' id='word_1_43' title='bbox 1013 751 1150 817; x_wconf 89' lang='lat' dir='ltr'>eundem</span> 
     </span>
     <span class='ocr_line' id='line_1_7' title="bbox 110 857 1150 944; baseline -0.001 -23"><span class='ocrx_word' id='word_1_44' title='bbox 110 857 143 921; x_wconf 93' lang='lat' dir='ltr'>in</span> <span class='ocrx_word' id='word_1_45' title='bbox 166 878 299 943; x_wconf 86' lang='lat' dir='ltr'>annum;</span> <span class='ocrx_word' id='word_1_46' title='bbox 323 877 405 940; x_wconf 90' lang='lat' dir='ltr'>quae</span> <span class='ocrx_word' id='word_1_47' title='bbox 428 858 571 944; x_wconf 79' lang='lat' dir='ltr'>principe</span> <span class='ocrx_word' id='word_1_48' title='bbox 589 859 734 943; x_wconf 81' lang='lat' dir='ltr'>Augusto</span> <span class='ocrx_word' id='word_1_49' title='bbox 757 859 927 924; x_wconf 86' lang='lat' dir='ltr'>const&#39;tuta</span> <span class='ocrx_word' id='word_1_50' title='bbox 949 858 1027 923; x_wconf 91' lang='lat' dir='ltr'>satis</span> <span class='ocrx_word' id='word_1_51' title='bbox 1049 863 1150 923; x_wconf 91' lang='lat' dir='ltr'>osten-</span> 
     </span>
     <span class='ocr_line' id='line_1_8' title="bbox 111 960 1151 1046; baseline -0.001 -21"><span class='ocrx_word' id='word_1_52' title='bbox 111 960 229 1026; x_wconf 81' lang='lat' dir='ltr'><strong>debant</strong></span> <span class='ocrx_word' id='word_1_53' title='bbox 259 981 398 1026; x_wconf 86' lang='lat' dir='ltr'><strong>annuam</strong></span> <span class='ocrx_word' id='word_1_54' title='bbox 428 963 606 1027; x_wconf 81' lang='lat' dir='ltr'>absentiam</span> <span class='ocrx_word' id='word_1_55' title='bbox 638 970 669 1027; x_wconf 93' lang='lat' dir='ltr'>et</span> <span class='ocrx_word' id='word_1_56' title='bbox 694 962 929 1046; x_wconf 91' lang='lat' dir='ltr'>provinciarum</span> <span class='ocrx_word' id='word_1_57' title='bbox 952 961 1151 1026; x_wconf 90' lang='lat' dir='ltr'>administra-</span> 
     </span>
     <span class='ocr_line' id='line_1_9' title="bbox 110 1064 1151 1148; baseline 0 -20"><span class='ocrx_word' id='word_1_58' title='bbox 110 1066 228 1130; x_wconf 84' lang='lat' dir='ltr'>tionem</span> <span class='ocrx_word' id='word_1_59' title='bbox 243 1065 390 1131; x_wconf 79' lang='lat' dir='ltr'>Dialibus</span> <span class='ocrx_word' id='word_1_60' title='bbox 412 1087 477 1132; x_wconf 94' lang='lat' dir='ltr'>non</span> <span class='ocrx_word' id='word_1_61' title='bbox 501 1066 640 1131; x_wconf 91' lang='lat' dir='ltr'>concedi.</span> <span class='ocrx_word' id='word_1_62' title='bbox 669 1066 965 1148; x_wconf 85' lang='lat' dir='ltr'>memorabaturque</span> <span class='ocrx_word' id='word_1_63' title='bbox 981 1067 1016 1131; x_wconf 92' lang='lat' dir='ltr'>L.</span> <span class='ocrx_word' id='word_1_64' title='bbox 1032 1064 1151 1130; x_wconf 90' lang='lat' dir='ltr'>Metelli</span> 
     </span>
     <span class='ocr_line' id='line_1_10' title="bbox 110 1168 1150 1254; baseline -0.002 -20"><span class='ocrx_word' id='word_1_65' title='bbox 110 1169 267 1253; x_wconf 91' lang='lat' dir='ltr'>pontificis</span> <span class='ocrx_word' id='word_1_66' title='bbox 290 1171 423 1234; x_wconf 83' lang='lat' dir='ltr'>maximi</span> <span class='ocrx_word' id='word_1_67' title='bbox 446 1171 638 1254; x_wconf 88' lang='lat' dir='ltr'>exemplum,</span> <span class='ocrx_word' id='word_1_68' title='bbox 663 1171 716 1253; x_wconf 92' lang='lat' dir='ltr'>qui</span> <span class='ocrx_word' id='word_1_69' title='bbox 739 1171 856 1235; x_wconf 83' lang='lat' dir='ltr'>Aulum</span> <span class='ocrx_word' id='word_1_70' title='bbox 878 1170 1075 1235; x_wconf 91' lang='lat' dir='ltr'>Postumium</span> <span class='ocrx_word' id='word_1_71' title='bbox 1097 1168 1150 1232; x_wconf 91' lang='lat' dir='ltr'>fla·</span> 
     </span>
     <span class='ocr_line' id='line_1_11' title="bbox 111 1273 1150 1356; baseline 0.001 -21"><span class='ocrx_word' id='word_1_72' title='bbox 111 1273 229 1336; x_wconf 90' lang='lat' dir='ltr'>minem</span> <span class='ocrx_word' id='word_1_73' title='bbox 244 1273 433 1339; x_wconf 90' lang='lat' dir='ltr'>attinuisset.</span> <span class='ocrx_word' id='word_1_74' title='bbox 457 1275 502 1339; x_wconf 90' lang='lat' dir='ltr'>ita</span> <span class='ocrx_word' id='word_1_75' title='bbox 517 1295 584 1340; x_wconf 92' lang='lat' dir='ltr'>sors</span> <span class='ocrx_word' id='word_1_76' title='bbox 599 1275 695 1340; x_wconf 82' lang='lat' dir='ltr'>Asiae</span> <span class='ocrx_word' id='word_1_77' title='bbox 711 1275 743 1338; x_wconf 95' lang='lat' dir='ltr'>in</span> <span class='ocrx_word' id='word_1_78' title='bbox 763 1295 845 1355; x_wconf 91' lang='lat' dir='ltr'>eum,</span> <span class='ocrx_word' id='word_1_79' title='bbox 870 1274 924 1356; x_wconf 93' lang='lat' dir='ltr'>qui</span> <span class='ocrx_word' id='word_1_80' title='bbox 940 1273 1150 1338; x_wconf 85' lang='lat' dir='ltr'>consularium</span> 
     </span>
     <span class='ocr_line' id='line_1_12' title="bbox 112 1376 769 1461; baseline 0 -21"><span class='ocrx_word' id='word_1_81' title='bbox 112 1376 324 1460; x_wconf 81' lang='lat' dir='ltr'>Maluginensi</span> <span class='ocrx_word' id='word_1_82' title='bbox 346 1377 510 1461; x_wconf 81' lang='lat' dir='ltr'>proximus</span> <span class='ocrx_word' id='word_1_83' title='bbox 534 1384 611 1458; x_wconf 90' lang='lat' dir='ltr'>erat,</span> <span class='ocrx_word' id='word_1_84' title='bbox 635 1378 769 1442; x_wconf 90' lang='lat' dir='ltr'>conlata.</span> 
     </span>
    </p>

    <p class='ocr_par' dir='ltr' id='par_1_3' title="bbox 23 1472 1324 3227">
     <span class='ocr_line' id='line_1_13' title="bbox 200 1472 1309 1597; baseline 0.002 -55"><span class='ocrx_word' id='word_1_85' title='bbox 200 1479 249 1545; x_wconf 78' lang='lat'>72.</span> <span class='ocrx_word' id='word_1_86' title='bbox 274 1480 381 1545; x_wconf 93' lang='lat' dir='ltr'>Isdem</span> <span class='ocrx_word' id='word_1_87' title='bbox 398 1480 511 1545; x_wconf 91' lang='lat' dir='ltr'>diebus</span> <span class='ocrx_word' id='word_1_88' title='bbox 526 1481 667 1565; x_wconf 90' lang='lat' dir='ltr'>Lepidus</span> <span class='ocrx_word' id='word_1_89' title='bbox 682 1483 722 1546; x_wconf 96' lang='lat' dir='ltr'>ab</span> <span class='ocrx_word' id='word_1_90' title='bbox 740 1487 854 1546; x_wconf 88' lang='lat' dir='ltr'>senatu</span> <span class='ocrx_word' id='word_1_91' title='bbox 868 1480 982 1565; x_wconf 91' lang='lat' dir='ltr'>petivit</span> <span class='ocrx_word' id='word_1_92' title='bbox 997 1486 1032 1545; x_wconf 91' lang='lat' dir='ltr'>ut</span> <span class='ocrx_word' id='word_1_93' title='bbox 1047 1479 1151 1545; x_wconf 88' lang='lat' dir='ltr'>basili·</span> <span class='ocrx_word' id='word_1_94' title='bbox 1182 1472 1309 1597; x_wconf 43' lang='grc' dir='ltr'>ὴξέξξᾏῧ</span> 
     </span>
     <span class='ocr_line' id='line_1_14' title="bbox 111 1584 1324 1670; baseline -0.001 -21"><span class='ocrx_word' id='word_1_95' title='bbox 111 1604 181 1649; x_wconf 91' lang='lat' dir='ltr'>eam</span> <span class='ocrx_word' id='word_1_96' title='bbox 204 1586 304 1666; x_wconf 90' lang='lat' dir='ltr'>Pauli,</span> <span class='ocrx_word' id='word_1_97' title='bbox 327 1586 464 1650; x_wconf 86' lang='lat' dir='ltr'>Aemilia</span> <span class='ocrx_word' id='word_1_98' title='bbox 479 1593 693 1667; x_wconf 88' lang='lat' dir='ltr'>monumenta,</span> <span class='ocrx_word' id='word_1_99' title='bbox 716 1587 844 1670; x_wconf 88' lang='lat' dir='ltr'>propria</span> <span class='ocrx_word' id='word_1_100' title='bbox 859 1585 996 1670; x_wconf 91' lang='lat' dir='ltr'>pecunia</span> <span class='ocrx_word' id='word_1_101' title='bbox 1011 1584 1151 1649; x_wconf 90' lang='lat' dir='ltr'>firmaret</span> <span class='ocrx_word' id='word_1_102' title='bbox 1169 1612 1324 1659; x_wconf 54' lang='lat' dir='ltr'>passm,</span> 
     </span>
     <span class='ocr_line' id='line_1_15' title="bbox 110 1688 1149 1775; baseline -0.001 -22"><span class='ocrx_word' id='word_1_103' title='bbox 110 1696 307 1772; x_wconf 88' lang='lat' dir='ltr'>ornaretque.</span> <span class='ocrx_word' id='word_1_104' title='bbox 333 1697 400 1754; x_wconf 92' lang='lat' dir='ltr'>erat</span> <span class='ocrx_word' id='word_1_105' title='bbox 422 1690 518 1755; x_wconf 90' lang='lat' dir='ltr'>etiam</span> <span class='ocrx_word' id='word_1_106' title='bbox 541 1697 608 1755; x_wconf 91' lang='lat' dir='ltr'>tum</span> <span class='ocrx_word' id='word_1_107' title='bbox 624 1691 657 1754; x_wconf 94' lang='lat' dir='ltr'>in</span> <span class='ocrx_word' id='word_1_108' title='bbox 672 1711 760 1757; x_wconf 90' lang='lat' dir='ltr'>more</span> <span class='ocrx_word' id='word_1_109' title='bbox 775 1691 903 1775; x_wconf 91' lang='lat' dir='ltr'>publica</span> <span class='ocrx_word' id='word_1_110' title='bbox 918 1688 1149 1772; x_wconf 80' lang='lat' dir='ltr'>munificentia3</span> 
     </span>
     <span class='ocr_line' id='line_1_16' title="bbox 110 1792 1151 1878; baseline 0 -22"><span class='ocrx_word' id='word_1_111' title='bbox 110 1813 169 1857; x_wconf 90' lang='lat' dir='ltr'>nec</span> <span class='ocrx_word' id='word_1_112' title='bbox 192 1794 355 1876; x_wconf 84' lang='lat' dir='ltr'>Augustus</span> <span class='ocrx_word' id='word_1_113' title='bbox 376 1800 522 1858; x_wconf 86' lang='lat' dir='ltr'>arcuerat</span> <span class='ocrx_word' id='word_1_114' title='bbox 543 1796 693 1875; x_wconf 86' lang='lat' dir='ltr'>Taurum,</span> <span class='ocrx_word' id='word_1_115' title='bbox 721 1794 912 1878; x_wconf 87' lang='lat' dir='ltr'>Philippum,</span> <span class='ocrx_word' id='word_1_116' title='bbox 941 1793 1076 1858; x_wconf 91' lang='lat' dir='ltr'>Balbum</span> <span class='ocrx_word' id='word_1_117' title='bbox 1099 1792 1151 1857; x_wconf 92' lang='lat' dir='ltr'>ho·</span> 
     </span>
     <span class='ocr_line' id='line_1_17' title="bbox 111 1897 1151 1983; baseline 0.001 -23"><span class='ocrx_word' id='word_1_118' title='bbox 111 1897 198 1962; x_wconf 89' lang='lat' dir='ltr'>stiles</span> <span class='ocrx_word' id='word_1_119' title='bbox 222 1898 355 1963; x_wconf 87' lang='lat' dir='ltr'>exuvias</span> <span class='ocrx_word' id='word_1_120' title='bbox 377 1904 432 1962; x_wconf 89' lang='lat' dir='ltr'>aut</span> <span class='ocrx_word' id='word_1_121' title='bbox 454 1899 648 1964; x_wconf 82' lang='lat' dir='ltr'>exundantis</span> <span class='ocrx_word' id='word_1_122' title='bbox 671 1919 747 1983; x_wconf 89' lang='lat' dir='ltr'>opes</span> <span class='ocrx_word' id='word_1_123' title='bbox 779 1904 924 1963; x_wconf 90' lang='lat' dir='ltr'>ornatum</span> <span class='ocrx_word' id='word_1_124' title='bbox 947 1897 989 1963; x_wconf 93' lang='lat' dir='ltr'>ad</span> <span class='ocrx_word' id='word_1_125' title='bbox 1011 1898 1099 1962; x_wconf 90' lang='lat' dir='ltr'>urbis</span> <span class='ocrx_word' id='word_1_126' title='bbox 1119 1903 1151 1962; x_wconf 95' lang='lat' dir='ltr'>et</span> 
     </span>
     <span class='ocr_line' id='line_1_18' title="bbox 23 1998 1150 2086; baseline -0.001 -21"><span class='ocrx_word' id='word_1_127' title='bbox 23 1998 26 2005; x_wconf 80' lang='lat'>&#39;</span> <span class='ocrx_word' id='word_1_128' title='bbox 111 2006 270 2083; x_wconf 90' lang='lat' dir='ltr'>posterum</span> <span class='ocrx_word' id='word_1_129' title='bbox 300 2001 433 2084; x_wconf 85' lang='lat' dir='ltr'>gloriam</span> <span class='ocrx_word' id='word_1_130' title='bbox 463 2001 616 2067; x_wconf 88' lang='lat' dir='ltr'>conferre.</span> <span class='ocrx_word' id='word_1_131' title='bbox 656 2022 717 2084; x_wconf 91' lang='lat' dir='ltr'>quo</span> <span class='ocrx_word' id='word_1_132' title='bbox 740 2010 807 2066; x_wconf 93' lang='lat' dir='ltr'>tum</span> <span class='ocrx_word' id='word_1_133' title='bbox 831 2001 977 2085; x_wconf 87' lang='lat' dir='ltr'>exemplo</span> <span class='ocrx_word' id='word_1_134' title='bbox 999 2000 1150 2086; x_wconf 90' lang='lat' dir='ltr'>Lepidus,</span> 
     </span>
     <span class='ocr_line' id='line_1_19' title="bbox 112 2105 1152 2188; baseline 0.001 -21"><span class='ocrx_word' id='word_1_135' title='bbox 112 2123 304 2186; x_wconf 90' lang='lat' dir='ltr'>quamquam</span> <span class='ocrx_word' id='word_1_136' title='bbox 325 2105 481 2188; x_wconf 90' lang='lat' dir='ltr'>pecuniae</span> <span class='ocrx_word' id='word_1_137' title='bbox 504 2105 656 2187; x_wconf 88' lang='lat' dir='ltr'>modicus,</span> <span class='ocrx_word' id='word_1_138' title='bbox 680 2106 801 2170; x_wconf 87' lang='lat' dir='ltr'>avitum</span> <span class='ocrx_word' id='word_1_139' title='bbox 825 2105 921 2170; x_wconf 91' lang='lat' dir='ltr'>decus</span> <span class='ocrx_word' id='word_1_140' title='bbox 944 2105 1084 2171; x_wconf 89' lang='lat' dir='ltr'>recoluit.</span> <span class='ocrx_word' id='word_1_141' title='bbox 1119 2111 1152 2168; x_wconf 89' lang='lat' dir='ltr'>at</span> 
     </span>
     <span class='ocr_line' id='line_1_20' title="bbox 110 2208 1152 2294; baseline 0.002 -23"><span class='ocrx_word' id='word_1_142' title='bbox 110 2208 242 2292; x_wconf 86' lang='lat' dir='ltr'>Pompei</span> <span class='ocrx_word' id='word_1_143' title='bbox 273 2209 431 2274; x_wconf 87' lang='lat' dir='ltr'>theatrum</span> <span class='ocrx_word' id='word_1_144' title='bbox 461 2211 536 2294; x_wconf 87' lang='lat' dir='ltr'>igne</span> <span class='ocrx_word' id='word_1_145' title='bbox 567 2210 695 2276; x_wconf 89' lang='lat' dir='ltr'>fortuito</span> <span class='ocrx_word' id='word_1_146' title='bbox 717 2210 865 2275; x_wconf 88' lang='lat' dir='ltr'>haustum</span> <span class='ocrx_word' id='word_1_147' title='bbox 890 2211 1008 2276; x_wconf 88' lang='lat' dir='ltr'>Caesar</span> <span class='ocrx_word' id='word_1_148' title='bbox 1030 2216 1152 2274; x_wconf 82' lang='lat' dir='ltr'>extruc-</span> 
     </span>
     <span class='ocr_line' id='line_1_21' title="bbox 112 2312 1151 2396; baseline 0.002 -21"><span class='ocrx_word' id='word_1_149' title='bbox 112 2317 215 2376; x_wconf 87' lang='lat' dir='ltr'>turum</span> <span class='ocrx_word' id='word_1_150' title='bbox 237 2312 395 2396; x_wconf 88' lang='lat' dir='ltr'>pollicitus</span> <span class='ocrx_word' id='word_1_151' title='bbox 418 2321 476 2396; x_wconf 91' lang='lat' dir='ltr'>est,</span> <span class='ocrx_word' id='word_1_152' title='bbox 500 2334 538 2379; x_wconf 90' lang='lat' dir='ltr'>eo</span> <span class='ocrx_word' id='word_1_153' title='bbox 562 2314 646 2396; x_wconf 92' lang='lat' dir='ltr'>quod</span> <span class='ocrx_word' id='word_1_154' title='bbox 665 2335 758 2379; x_wconf 90' lang='lat' dir='ltr'>nemo</span> <span class='ocrx_word' id='word_1_155' title='bbox 775 2334 793 2378; x_wconf 91' lang='lat' dir='ltr'>e</span> <span class='ocrx_word' id='word_1_156' title='bbox 808 2314 930 2378; x_wconf 87' lang='lat' dir='ltr'>familia</span> <span class='ocrx_word' id='word_1_157' title='bbox 944 2312 1151 2378; x_wconf 91' lang='lat' dir='ltr'>restaurando</span> 
     </span>
     <span class='ocr_line' id='line_1_22' title="bbox 112 2414 1152 2501; baseline -0.001 -21"><span class='ocrx_word' id='word_1_158' title='bbox 112 2414 281 2498; x_wconf 87' lang='lat' dir='ltr'>sufficeret,</span> <span class='ocrx_word' id='word_1_159' title='bbox 306 2424 455 2482; x_wconf 90' lang='lat' dir='ltr'>manente</span> <span class='ocrx_word' id='word_1_160' title='bbox 478 2424 585 2483; x_wconf 86' lang='lat' dir='ltr'>tamen</span> <span class='ocrx_word' id='word_1_161' title='bbox 608 2419 737 2483; x_wconf 90' lang='lat' dir='ltr'>nomine</span> <span class='ocrx_word' id='word_1_162' title='bbox 759 2418 900 2501; x_wconf 91' lang='lat' dir='ltr'>Pompei.</span> <span class='ocrx_word' id='word_1_163' title='bbox 940 2417 1033 2482; x_wconf 93' lang='lat' dir='ltr'>simul</span> <span class='ocrx_word' id='word_1_164' title='bbox 1055 2415 1152 2480; x_wconf 93' lang='lat' dir='ltr'>laudi-</span> 
     </span>
     <span class='ocr_line' id='line_1_23' title="bbox 112 2519 1152 2604; baseline 0.002 -22"><span class='ocrx_word' id='word_1_165' title='bbox 112 2519 172 2584; x_wconf 89' lang='lat' dir='ltr'>bus</span> <span class='ocrx_word' id='word_1_166' title='bbox 194 2519 345 2585; x_wconf 84' lang='lat' dir='ltr'>Seianum</span> <span class='ocrx_word' id='word_1_167' title='bbox 369 2521 491 2602; x_wconf 82' lang='lat' dir='ltr'>extulit,</span> <span class='ocrx_word' id='word_1_168' title='bbox 515 2527 678 2603; x_wconf 89' lang='lat' dir='ltr'>tamquam</span> <span class='ocrx_word' id='word_1_169' title='bbox 700 2522 809 2586; x_wconf 90' lang='lat' dir='ltr'>labore</span> <span class='ocrx_word' id='word_1_170' title='bbox 831 2520 1061 2604; x_wconf 84' lang='lat' dir='ltr'>vigilantiaque</span> <span class='ocrx_word' id='word_1_171' title='bbox 1084 2519 1152 2584; x_wconf 91' lang='lat' dir='ltr'>eius</span> 
     </span>
     <span class='ocr_line' id='line_1_24' title="bbox 111 2624 1152 2690; baseline 0 -4"><span class='ocrx_word' id='word_1_172' title='bbox 111 2628 202 2687; x_wconf 90' lang='lat' dir='ltr'>tanta</span> <span class='ocrx_word' id='word_1_173' title='bbox 231 2624 281 2688; x_wconf 83' lang='lat' dir='ltr'>vis</span> <span class='ocrx_word' id='word_1_174' title='bbox 310 2645 408 2689; x_wconf 91' lang='lat' dir='ltr'>unum</span> <span class='ocrx_word' id='word_1_175' title='bbox 437 2625 521 2689; x_wconf 91' lang='lat' dir='ltr'>intra</span> <span class='ocrx_word' id='word_1_176' title='bbox 554 2625 706 2690; x_wconf 92' lang='lat' dir='ltr'>damnum</span> <span class='ocrx_word' id='word_1_177' title='bbox 740 2625 888 2690; x_wconf 89' lang='lat' dir='ltr'>stetisset.</span> <span class='ocrx_word' id='word_1_178' title='bbox 936 2629 967 2688; x_wconf 92' lang='lat' dir='ltr'>et</span> <span class='ocrx_word' id='word_1_179' title='bbox 1001 2642 1152 2688; x_wconf 90' lang='lat' dir='ltr'>censuere</span> 
     </span>
     <span class='ocr_line' id='line_1_25' title="bbox 112 2726 1152 2813; baseline 0.002 -24"><span class='ocrx_word' id='word_1_180' title='bbox 112 2734 219 2809; x_wconf 90' lang='lat' dir='ltr'>patres</span> <span class='ocrx_word' id='word_1_181' title='bbox 242 2727 381 2812; x_wconf 87' lang='lat' dir='ltr'>effigiem</span> <span class='ocrx_word' id='word_1_182' title='bbox 405 2729 531 2809; x_wconf 83' lang='lat' dir='ltr'>Seiano,</span> <span class='ocrx_word' id='word_1_183' title='bbox 563 2749 645 2811; x_wconf 89' lang='lat' dir='ltr'>quae</span> <span class='ocrx_word' id='word_1_184' title='bbox 668 2728 753 2813; x_wconf 91' lang='lat' dir='ltr'>apud</span> <span class='ocrx_word' id='word_1_185' title='bbox 776 2728 935 2792; x_wconf 91' lang='lat' dir='ltr'>theatrum</span> <span class='ocrx_word' id='word_1_186' title='bbox 958 2726 1089 2810; x_wconf 93' lang='lat' dir='ltr'>Pompei</span> <span class='ocrx_word' id='word_1_187' title='bbox 1112 2726 1152 2791; x_wconf 91' lang='lat' dir='ltr'>lo·</span> 
     </span>
     <span class='ocr_line' id='line_1_26' title="bbox 113 2830 1153 2917; baseline -0.001 -23"><span class='ocrx_word' id='word_1_188' title='bbox 113 2838 244 2895; x_wconf 89' lang='lat' dir='ltr'>caretur.</span> <span class='ocrx_word' id='word_1_189' title='bbox 283 2852 387 2914; x_wconf 90' lang='lat' dir='ltr'>neque</span> <span class='ocrx_word' id='word_1_190' title='bbox 409 2833 507 2898; x_wconf 92' lang='lat' dir='ltr'>multo</span> <span class='ocrx_word' id='word_1_191' title='bbox 530 2839 601 2917; x_wconf 89' lang='lat' dir='ltr'>post</span> <span class='ocrx_word' id='word_1_192' title='bbox 617 2834 744 2913; x_wconf 85' lang='lat' dir='ltr'>Caesar,</span> <span class='ocrx_word' id='word_1_193' title='bbox 768 2852 839 2897; x_wconf 90' lang='lat' dir='ltr'>cum</span> <span class='ocrx_word' id='word_1_194' title='bbox 862 2831 989 2896; x_wconf 92' lang='lat' dir='ltr'>Iunium</span> <span class='ocrx_word' id='word_1_195' title='bbox 1004 2830 1153 2895; x_wconf 88' lang='lat' dir='ltr'>Blaesum</span> 
     </span>
     <span class='ocr_line' id='line_1_27' title="bbox 112 2933 1152 3023; baseline 0.001 -26"><span class='ocrx_word' id='word_1_196' title='bbox 112 2954 168 3016; x_wconf 89' lang='lat' dir='ltr'>pro</span> <span class='ocrx_word' id='word_1_197' title='bbox 199 2935 327 3000; x_wconf 92' lang='lat' dir='ltr'>consule</span> <span class='ocrx_word' id='word_1_198' title='bbox 349 2935 477 3001; x_wconf 86' lang='lat' dir='ltr'>Africae</span> <span class='ocrx_word' id='word_1_199' title='bbox 499 2936 655 3023; x_wconf 55' lang='lat' dir='ltr'>,triumphi</span> <span class='ocrx_word' id='word_1_200' title='bbox 678 2936 857 3020; x_wconf 87' lang='lat' dir='ltr'>insignibus</span> <span class='ocrx_word' id='word_1_201' title='bbox 879 2934 1045 3015; x_wconf 84' lang='lat' dir='ltr'>attolleret,</span> <span class='ocrx_word' id='word_1_202' title='bbox 1077 2933 1152 2998; x_wconf 90' lang='lat' dir='ltr'>dare</span> 
     </span>
     <span class='ocr_line' id='line_1_28' title="bbox 113 3036 1152 3121; baseline 0.001 -21"><span class='ocrx_word' id='word_1_203' title='bbox 113 3036 146 3100; x_wconf 93' lang='lat' dir='ltr'>id</span> <span class='ocrx_word' id='word_1_204' title='bbox 169 3058 203 3102; x_wconf 93' lang='lat' dir='ltr'>se</span> <span class='ocrx_word' id='word_1_205' title='bbox 226 3037 308 3102; x_wconf 88' lang='lat' dir='ltr'>dixit</span> <span class='ocrx_word' id='word_1_206' title='bbox 331 3038 443 3105; x_wconf 91' lang='lat' dir='ltr'>honori</span> <span class='ocrx_word' id='word_1_207' title='bbox 466 3040 584 3121; x_wconf 83' lang='lat' dir='ltr'>Seiani,</span> <span class='ocrx_word' id='word_1_208' title='bbox 616 3040 706 3105; x_wconf 88' lang='lat' dir='ltr'>ouius</span> <span class='ocrx_word' id='word_1_209' title='bbox 728 3040 781 3104; x_wconf 90' lang='lat' dir='ltr'>ille</span> <span class='ocrx_word' id='word_1_210' title='bbox 804 3040 980 3105; x_wconf 85' lang='lat' dir='ltr'>avunculus</span> <span class='ocrx_word' id='word_1_211' title='bbox 1004 3043 1079 3103; x_wconf 89' lang='lat' dir='ltr'>erat.</span> <span class='ocrx_word' id='word_1_212' title='bbox 1114 3057 1152 3103; x_wconf 92' lang='lat' dir='ltr'>ac</span> 
     </span>
     <span class='ocr_line' id='line_1_29' title="bbox 112 3142 898 3227; baseline 0.003 -23"><span class='ocrx_word' id='word_1_213' title='bbox 112 3145 219 3206; x_wconf 91' lang='lat' dir='ltr'>tamen</span> <span class='ocrx_word' id='word_1_214' title='bbox 243 3162 294 3208; x_wconf 92' lang='lat' dir='ltr'>res</span> <span class='ocrx_word' id='word_1_215' title='bbox 316 3142 422 3208; x_wconf 87' lang='lat' dir='ltr'>Blaesi</span> <span class='ocrx_word' id='word_1_216' title='bbox 444 3142 562 3227; x_wconf 91' lang='lat' dir='ltr'>dignae</span> <span class='ocrx_word' id='word_1_217' title='bbox 585 3142 699 3208; x_wconf 92' lang='lat' dir='ltr'>decore</span> <span class='ocrx_word' id='word_1_218' title='bbox 721 3143 779 3208; x_wconf 87' lang='lat' dir='ltr'>tali</span> <span class='ocrx_word' id='word_1_219' title='bbox 801 3143 898 3207; x_wconf 88' lang='lat' dir='ltr'>fuere.</span> 
     </span>
    </p>

    <p class='ocr_par' dir='ltr' id='par_1_4' title="bbox 113 3244 1314 3953">
     <span class='ocr_line' id='line_1_30' title="bbox 130 3244 1314 3329; baseline 0 -22"><span class='ocrx_word' id='word_1_220' title='bbox 130 3289 133 3297; x_wconf 84' lang='lat'>-</span> <span class='ocrx_word' id='word_1_221' title='bbox 200 3245 251 3310; x_wconf 80' lang='lat'>73.</span> <span class='ocrx_word' id='word_1_222' title='bbox 276 3247 360 3310; x_wconf 91' lang='lat' dir='ltr'>Nam</span> <span class='ocrx_word' id='word_1_223' title='bbox 383 3245 581 3328; x_wconf 84' lang='lat' dir='ltr'>Tacfarinas,</span> <span class='ocrx_word' id='word_1_224' title='bbox 613 3267 806 3329; x_wconf 91' lang='lat' dir='ltr'>quamquam</span> <span class='ocrx_word' id='word_1_225' title='bbox 836 3246 963 3329; x_wconf 88' lang='lat' dir='ltr'>saepius</span> <span class='ocrx_word' id='word_1_226' title='bbox 992 3244 1151 3328; x_wconf 91' lang='lat' dir='ltr'>depulsus,</span> <span class='ocrx_word' id='word_1_227' title='bbox 1179 3254 1314 3308; x_wconf 71' lang='lat' dir='ltr'>sacrarunt</span> 
     </span>
     <span class='ocr_line' id='line_1_31' title="bbox 113 3347 1152 3433; baseline -0.001 -22"><span class='ocrx_word' id='word_1_228' title='bbox 113 3349 269 3432; x_wconf 86' lang='lat' dir='ltr'>reparatis</span> <span class='ocrx_word' id='word_1_229' title='bbox 302 3370 359 3433; x_wconf 91' lang='lat' dir='ltr'>per</span> <span class='ocrx_word' id='word_1_230' title='bbox 392 3349 504 3414; x_wconf 92' lang='lat' dir='ltr'>intima</span> <span class='ocrx_word' id='word_1_231' title='bbox 539 3349 666 3415; x_wconf 88' lang='lat' dir='ltr'>Africae</span> <span class='ocrx_word' id='word_1_232' title='bbox 695 3350 825 3414; x_wconf 87' lang='lat' dir='ltr'>auxiliis</span> <span class='ocrx_word' id='word_1_233' title='bbox 854 3349 916 3413; x_wconf 90' lang='lat' dir='ltr'>huc</span> <span class='ocrx_word' id='word_1_234' title='bbox 946 3347 1152 3432; x_wconf 86' lang='lat' dir='ltr'>adrogantiae</span> 
     </span>
     <span class='ocr_line' id='line_1_32' title="bbox 114 3451 1152 3537; baseline 0.001 -22"><span class='ocrx_word' id='word_1_235' title='bbox 114 3459 256 3533; x_wconf 85' lang='lat' dir='ltr'>venerat,</span> <span class='ocrx_word' id='word_1_236' title='bbox 279 3460 314 3517; x_wconf 94' lang='lat' dir='ltr'>ut</span> <span class='ocrx_word' id='word_1_237' title='bbox 336 3453 458 3537; x_wconf 89' lang='lat' dir='ltr'>legatos</span> <span class='ocrx_word' id='word_1_238' title='bbox 474 3453 516 3518; x_wconf 92' lang='lat' dir='ltr'>ad</span> <span class='ocrx_word' id='word_1_239' title='bbox 530 3454 693 3519; x_wconf 87' lang='lat' dir='ltr'>Tiberium</span> <span class='ocrx_word' id='word_1_240' title='bbox 715 3454 854 3518; x_wconf 89' lang='lat' dir='ltr'>mitteret</span> <span class='ocrx_word' id='word_1_241' title='bbox 876 3452 1048 3535; x_wconf 90' lang='lat' dir='ltr'>sedemque</span> <span class='ocrx_word' id='word_1_242' title='bbox 1071 3451 1152 3516; x_wconf 92' lang='lat' dir='ltr'>ultro</span> 
     </span>
     <span class='ocr_line' id='line_1_33' title="bbox 113 3554 1153 3643; baseline -0.001 -24"><span class='ocrx_word' id='word_1_243' title='bbox 113 3555 176 3620; x_wconf 92' lang='lat' dir='ltr'>sibi</span> <span class='ocrx_word' id='word_1_244' title='bbox 198 3562 294 3638; x_wconf 92' lang='lat' dir='ltr'>atque</span> <span class='ocrx_word' id='word_1_245' title='bbox 318 3557 471 3622; x_wconf 84' lang='lat' dir='ltr'>exercitui</span> <span class='ocrx_word' id='word_1_246' title='bbox 494 3577 549 3622; x_wconf 92' lang='lat' dir='ltr'>suo</span> <span class='ocrx_word' id='word_1_247' title='bbox 572 3558 755 3643; x_wconf 87' lang='lat' dir='ltr'>postularet,</span> <span class='ocrx_word' id='word_1_248' title='bbox 778 3563 834 3621; x_wconf 92' lang='lat' dir='ltr'>aut</span> <span class='ocrx_word' id='word_1_249' title='bbox 849 3557 967 3622; x_wconf 92' lang='lat' dir='ltr'>bellum</span> <span class='ocrx_word' id='word_1_250' title='bbox 981 3554 1153 3639; x_wconf 86' lang='lat' dir='ltr'>inexplica-</span> 
     </span>
     <span class='ocr_line' id='line_1_34' title="bbox 114 3657 1153 3745; baseline 0 -24"><span class='ocrx_word' id='word_1_251' title='bbox 114 3658 177 3722; x_wconf 91' lang='lat' dir='ltr'>bile</span> <span class='ocrx_word' id='word_1_252' title='bbox 199 3660 406 3726; x_wconf 88' lang='lat' dir='ltr'>minitaretur.</span> <span class='ocrx_word' id='word_1_253' title='bbox 435 3682 499 3726; x_wconf 92' lang='lat' dir='ltr'>non</span> <span class='ocrx_word' id='word_1_254' title='bbox 522 3661 602 3727; x_wconf 91' lang='lat' dir='ltr'>alias</span> <span class='ocrx_word' id='word_1_255' title='bbox 624 3662 728 3745; x_wconf 86' lang='lat' dir='ltr'>magis</span> <span class='ocrx_word' id='word_1_256' title='bbox 751 3681 809 3726; x_wconf 92' lang='lat' dir='ltr'>sua</span> <span class='ocrx_word' id='word_1_257' title='bbox 831 3660 1003 3745; x_wconf 92' lang='lat' dir='ltr'>populique</span> <span class='ocrx_word' id='word_1_258' title='bbox 1018 3657 1153 3723; x_wconf 83' lang='lat' dir='ltr'>Romani</span> 
     </span>
     <span class='ocr_line' id='line_1_35' title="bbox 114 3760 1153 3846; baseline -0.001 -20"><span class='ocrx_word' id='word_1_259' title='bbox 114 3763 304 3828; x_wconf 89' lang='lat' dir='ltr'>contumelia</span> <span class='ocrx_word' id='word_1_260' title='bbox 326 3764 499 3830; x_wconf 91' lang='lat' dir='ltr'>indoluisse</span> <span class='ocrx_word' id='word_1_261' title='bbox 516 3764 686 3830; x_wconf 82' lang='lat' dir='ltr'>Caesarem</span> <span class='ocrx_word' id='word_1_262' title='bbox 699 3764 815 3846; x_wconf 87' lang='lat' dir='ltr'>ferunt,</span> <span class='ocrx_word' id='word_1_263' title='bbox 840 3783 935 3845; x_wconf 92' lang='lat' dir='ltr'>quam</span> <span class='ocrx_word' id='word_1_264' title='bbox 951 3761 1035 3845; x_wconf 91' lang='lat' dir='ltr'>quod</span> <span class='ocrx_word' id='word_1_265' title='bbox 1050 3760 1153 3826; x_wconf 90' lang='lat' dir='ltr'>deser·</span> 
     </span>
     <span class='ocr_line' id='line_1_36' title="bbox 115 3864 1167 3953; baseline -0.004 -24"><span class='ocrx_word' id='word_1_266' title='bbox 115 3870 163 3931; x_wconf 92' lang='lat' dir='ltr'>tor</span> <span class='ocrx_word' id='word_1_267' title='bbox 186 3872 217 3931; x_wconf 92' lang='lat' dir='ltr'>et</span> <span class='ocrx_word' id='word_1_268' title='bbox 239 3866 358 3952; x_wconf 87' lang='lat' dir='ltr'>praedo</span> <span class='ocrx_word' id='word_1_269' title='bbox 381 3867 519 3934; x_wconf 91' lang='lat' dir='ltr'>hostium</span> <span class='ocrx_word' id='word_1_270' title='bbox 541 3888 628 3934; x_wconf 90' lang='lat' dir='ltr'>more</span> <span class='ocrx_word' id='word_1_271' title='bbox 651 3874 769 3953; x_wconf 88' lang='lat' dir='ltr'>ageret.</span> <span class='ocrx_word' id='word_1_272' title='bbox 794 3887 835 3933; x_wconf 91' lang='lat' dir='ltr'>ne</span> <span class='ocrx_word' id='word_1_273' title='bbox 850 3869 1006 3952; x_wconf 82' lang='lat' dir='ltr'>Spartaco</span> <span class='ocrx_word' id='word_1_274' title='bbox 1025 3864 1167 3946; x_wconf 70' lang='lat' dir='ltr'>quidem</span> 
     </span>
    </p>
   </div>
   <div class='ocr_carea' id='block_1_3' title="bbox 0 0 1390 4214">
    <p class='ocr_par' dir='ltr' id='par_1_5' title="bbox 0 0 1390 4214">
     <span class='ocr_line' id='line_1_37' title="bbox 0 0 1390 4214; baseline 0 0"><span class='ocrx_word' id='word_1_275' title='bbox 0 0 1390 4214; x_wconf 95' lang='lat' dir='ltr'> </span> 
     </span>
    </p>
   </div>
  </div>
 </body>
</html>
